;; -*- mode: org; mode: beancount; -*-
;; NOTE: this file was generated by bean-example, but a few lines were
;; commented out in order to use the file for testing.
;; Birth: 1980-05-12
;; Dates: 2014-01-01 - 2016-05-11
;; THIS FILE HAS BEEN AUTO-GENERATED.
* Options

option "title" "Example Beancount file"
option "operating_currency" "USD"




* Commodities


1792-01-01 commodity USD
  export: "CASH"
  name: "US Dollar"

1900-01-01 commodity VMMXX
  export: "MUTF:VMMXX (MONEY:USD)"

1980-05-12 commodity VACHR
  export: "IGNORE"
  name: "Employer Vacation Hours"

1980-05-12 commodity IRAUSD
  export: "IGNORE"
  name: "US 401k and IRA Contributions"

1995-09-18 commodity VBMPX
  export: "MUTF:VBMPX"
  name: "Vanguard Total Bond Market Index Fund Institutional Plus Shares"
  price: "USD:google/MUTF:VBMPX"

2004-01-20 commodity ITOT
  export: "NYSEARCA:ITOT"
  name: "iShares Core S&P Total U.S. Stock Market ETF"
  price: "USD:google/NYSEARCA:ITOT"

2004-01-26 commodity VHT
  export: "NYSEARCA:VHT"
  name: "Vanguard Health Care ETF"
  price: "USD:google/NYSEARCA:VHT"

2004-11-01 commodity GLD
  export: "NYSEARCA:GLD"
  name: "SPDR Gold Trust (ETF)"
  price: "USD:google/NYSEARCA:GLD"

2007-07-20 commodity VEA
  export: "NYSEARCA:VEA"
  name: "Vanguard FTSE Developed Markets ETF"
  price: "USD:google/NYSEARCA:VEA"

2009-05-01 commodity RGAGX
  export: "MUTF:RGAGX"
  name: "American Funds The Growth Fund of America Class R-6"
  price: "USD:google/MUTF:RGAGX"



* Equity Accounts

1980-05-12 open Equity:Opening-Balances
1980-05-12 open Liabilities:AccountsPayable



* Banking

2014-01-01 open Assets:US:BofA
  address: "123 America Street, LargeTown, USA"
  institution: "Bank of America"
  phone: "+1.012.345.6789"
2014-01-01 open Assets:US:BofA:Checking                        USD
  account: "00234-48574897"

2014-01-01 * "Opening Balance for checking account"
  Assets:US:BofA:Checking                         3403.60 USD
  Equity:Opening-Balances                        -3403.60 USD

2014-01-02 balance Assets:US:BofA:Checking        3403.60 USD

2014-01-03 * "RiverBank Properties" "Paying the rent"
  Assets:US:BofA:Checking                        -2400.00 USD
  Expenses:Home:Rent                              2400.00 USD

2014-01-04 * "BANK FEES" "Monthly bank fee"
  Assets:US:BofA:Checking                           -4.00 USD
  Expenses:Financial:Fees                            4.00 USD

2014-01-08 * "EDISON POWER" ""
  Assets:US:BofA:Checking                          -65.00 USD
  Expenses:Home:Electricity                         65.00 USD

2014-01-19 * "Verizon Wireless" ""
  Assets:US:BofA:Checking                          -63.56 USD
  Expenses:Home:Phone                               63.56 USD

2014-01-23 * "Wine-Tarner Cable" ""
  Assets:US:BofA:Checking                          -79.86 USD
  Expenses:Home:Internet                            79.86 USD

2014-01-25 balance Assets:US:BofA:Checking        3385.73 USD

2014-02-04 * "BANK FEES" "Monthly bank fee"
  Assets:US:BofA:Checking                           -4.00 USD
  Expenses:Financial:Fees                            4.00 USD

2014-02-06 * "RiverBank Properties" "Paying the rent"
  Assets:US:BofA:Checking                        -2400.00 USD
  Expenses:Home:Rent                              2400.00 USD

2014-02-08 * "EDISON POWER" ""
  Assets:US:BofA:Checking                          -65.00 USD
  Expenses:Home:Electricity                         65.00 USD

2014-02-18 balance Assets:US:BofA:Checking        2885.66 USD

2014-02-18 * "Verizon Wireless" ""
  Assets:US:BofA:Checking                          -68.48 USD
  Expenses:Home:Phone                               68.48 USD

2014-02-21 * "Wine-Tarner Cable" ""
  Assets:US:BofA:Checking                          -79.95 USD
  Expenses:Home:Internet                            79.95 USD

2014-03-04 * "BANK FEES" "Monthly bank fee"
  Assets:US:BofA:Checking                           -4.00 USD
  Expenses:Financial:Fees                            4.00 USD

2014-03-06 * "RiverBank Properties" "Paying the rent"
  Assets:US:BofA:Checking                        -2400.00 USD
  Expenses:Home:Rent                              2400.00 USD

2014-03-08 * "EDISON POWER" ""
  Assets:US:BofA:Checking                          -65.00 USD
  Expenses:Home:Electricity                         65.00 USD

2014-03-11 balance Assets:US:BofA:Checking         982.50 USD

2014-03-20 * "Verizon Wireless" ""
  Assets:US:BofA:Checking                          -63.51 USD
  Expenses:Home:Phone                               63.51 USD

2014-03-21 * "Wine-Tarner Cable" ""
  Assets:US:BofA:Checking                          -80.11 USD
  Expenses:Home:Internet                            80.11 USD

2014-04-01 balance Assets:US:BofA:Checking        3540.08 USD

2014-04-04 * "BANK FEES" "Monthly bank fee"
  Assets:US:BofA:Checking                           -4.00 USD
  Expenses:Financial:Fees                            4.00 USD

2014-04-06 * "RiverBank Properties" "Paying the rent"
  Assets:US:BofA:Checking                        -2400.00 USD
  Expenses:Home:Rent                              2400.00 USD

2014-04-08 * "EDISON POWER" ""
  Assets:US:BofA:Checking                          -65.00 USD
  Expenses:Home:Electricity                         65.00 USD

2014-04-19 * "Verizon Wireless" ""
  Assets:US:BofA:Checking                          -67.34 USD
  Expenses:Home:Phone                               67.34 USD

2014-04-21 * "Wine-Tarner Cable" ""
  Assets:US:BofA:Checking                          -80.07 USD
  Expenses:Home:Internet                            80.07 USD

2014-04-25 balance Assets:US:BofA:Checking        2942.76 USD

2014-05-03 * "RiverBank Properties" "Paying the rent"
  Assets:US:BofA:Checking                        -2400.00 USD
  Expenses:Home:Rent                              2400.00 USD

2014-05-04 * "BANK FEES" "Monthly bank fee"
  Assets:US:BofA:Checking                           -4.00 USD
  Expenses:Financial:Fees                            4.00 USD

2014-05-09 * "EDISON POWER" ""
  Assets:US:BofA:Checking                          -65.00 USD
  Expenses:Home:Electricity                         65.00 USD

2014-05-15 balance Assets:US:BofA:Checking        1285.60 USD

2014-05-19 * "Verizon Wireless" ""
  Assets:US:BofA:Checking                          -44.34 USD
  Expenses:Home:Phone                               44.34 USD

2014-05-23 * "Wine-Tarner Cable" ""
  Assets:US:BofA:Checking                          -80.17 USD
  Expenses:Home:Internet                            80.17 USD

2014-06-04 * "BANK FEES" "Monthly bank fee"
  Assets:US:BofA:Checking                           -4.00 USD
  Expenses:Financial:Fees                            4.00 USD

2014-06-04 * "RiverBank Properties" "Paying the rent"
  Assets:US:BofA:Checking                        -2400.00 USD
  Expenses:Home:Rent                              2400.00 USD

2014-06-08 * "EDISON POWER" ""
  Assets:US:BofA:Checking                          -65.00 USD
  Expenses:Home:Electricity                         65.00 USD

2014-06-11 balance Assets:US:BofA:Checking        1393.29 USD

2014-06-19 * "Verizon Wireless" ""
  Assets:US:BofA:Checking                          -82.53 USD
  Expenses:Home:Phone                               82.53 USD

2014-06-22 * "Wine-Tarner Cable" ""
  Assets:US:BofA:Checking                          -80.18 USD
  Expenses:Home:Internet                            80.18 USD

2014-07-01 balance Assets:US:BofA:Checking        1791.82 USD

2014-07-04 * "BANK FEES" "Monthly bank fee"
  Assets:US:BofA:Checking                           -4.00 USD
  Expenses:Financial:Fees                            4.00 USD

2014-07-06 * "RiverBank Properties" "Paying the rent"
  Assets:US:BofA:Checking                        -2400.00 USD
  Expenses:Home:Rent                              2400.00 USD

2014-07-08 * "EDISON POWER" ""
  Assets:US:BofA:Checking                          -65.00 USD
  Expenses:Home:Electricity                         65.00 USD

2014-07-18 * "Verizon Wireless" ""
  Assets:US:BofA:Checking                          -44.47 USD
  Expenses:Home:Phone                               44.47 USD

2014-07-23 * "Wine-Tarner Cable" ""
  Assets:US:BofA:Checking                          -79.90 USD
  Expenses:Home:Internet                            79.90 USD

2014-07-29 balance Assets:US:BofA:Checking        1745.84 USD

2014-08-03 * "RiverBank Properties" "Paying the rent"
  Assets:US:BofA:Checking                        -2400.00 USD
  Expenses:Home:Rent                              2400.00 USD

2014-08-04 * "BANK FEES" "Monthly bank fee"
  Assets:US:BofA:Checking                           -4.00 USD
  Expenses:Financial:Fees                            4.00 USD

2014-08-08 * "EDISON POWER" ""
  Assets:US:BofA:Checking                          -65.00 USD
  Expenses:Home:Electricity                         65.00 USD

2014-08-18 * "Verizon Wireless" ""
  Assets:US:BofA:Checking                          -73.03 USD
  Expenses:Home:Phone                               73.03 USD

2014-08-21 balance Assets:US:BofA:Checking        3716.58 USD

2014-08-21 * "Wine-Tarner Cable" ""
  Assets:US:BofA:Checking                          -79.96 USD
  Expenses:Home:Internet                            79.96 USD

2014-09-04 * "BANK FEES" "Monthly bank fee"
  Assets:US:BofA:Checking                           -4.00 USD
  Expenses:Financial:Fees                            4.00 USD

2014-09-04 * "RiverBank Properties" "Paying the rent"
  Assets:US:BofA:Checking                        -2400.00 USD
  Expenses:Home:Rent                              2400.00 USD

2014-09-09 * "EDISON POWER" ""
  Assets:US:BofA:Checking                          -65.00 USD
  Expenses:Home:Electricity                         65.00 USD

2014-09-12 * "Transfering accumulated savings to other account"
  Assets:US:BofA:Checking                           -4500 USD
  Assets:US:ETrade:Cash                              4500 USD

2014-09-17 balance Assets:US:BofA:Checking         963.71 USD

2014-09-18 * "Verizon Wireless" ""
  Assets:US:BofA:Checking                          -56.26 USD
  Expenses:Home:Phone                               56.26 USD

2014-09-22 * "Wine-Tarner Cable" ""
  Assets:US:BofA:Checking                          -79.99 USD
  Expenses:Home:Internet                            79.99 USD

2014-10-03 * "RiverBank Properties" "Paying the rent"
  Assets:US:BofA:Checking                        -2400.00 USD
  Expenses:Home:Rent                              2400.00 USD

2014-10-04 * "BANK FEES" "Monthly bank fee"
  Assets:US:BofA:Checking                           -4.00 USD
  Expenses:Financial:Fees                            4.00 USD

2014-10-08 * "EDISON POWER" ""
  Assets:US:BofA:Checking                          -65.00 USD
  Expenses:Home:Electricity                         65.00 USD

2014-10-15 balance Assets:US:BofA:Checking        2810.13 USD

2014-10-19 * "Verizon Wireless" ""
  Assets:US:BofA:Checking                          -75.17 USD
  Expenses:Home:Phone                               75.17 USD

2014-10-23 * "Wine-Tarner Cable" ""
  Assets:US:BofA:Checking                          -80.01 USD
  Expenses:Home:Internet                            80.01 USD

2014-11-04 * "BANK FEES" "Monthly bank fee"
  Assets:US:BofA:Checking                           -4.00 USD
  Expenses:Financial:Fees                            4.00 USD

2014-11-04 * "RiverBank Properties" "Paying the rent"
  Assets:US:BofA:Checking                        -2400.00 USD
  Expenses:Home:Rent                              2400.00 USD

2014-11-07 * "Transfering accumulated savings to other account"
  Assets:US:BofA:Checking                           -4000 USD
  Assets:US:ETrade:Cash                              4000 USD

2014-11-08 * "EDISON POWER" ""
  Assets:US:BofA:Checking                          -65.00 USD
  Expenses:Home:Electricity                         65.00 USD

2014-11-12 balance Assets:US:BofA:Checking         534.16 USD

2014-11-20 * "Verizon Wireless" ""
  Assets:US:BofA:Checking                          -54.82 USD
  Expenses:Home:Phone                               54.82 USD

2014-11-23 * "Wine-Tarner Cable" ""
  Assets:US:BofA:Checking                          -80.25 USD
  Expenses:Home:Internet                            80.25 USD

2014-12-02 balance Assets:US:BofA:Checking        2949.69 USD

2014-12-04 * "BANK FEES" "Monthly bank fee"
  Assets:US:BofA:Checking                           -4.00 USD
  Expenses:Financial:Fees                            4.00 USD

2014-12-05 * "RiverBank Properties" "Paying the rent"
  Assets:US:BofA:Checking                        -2400.00 USD
  Expenses:Home:Rent                              2400.00 USD

2014-12-09 * "EDISON POWER" ""
  Assets:US:BofA:Checking                          -65.00 USD
  Expenses:Home:Electricity                         65.00 USD

2014-12-20 * "Verizon Wireless" ""
  Assets:US:BofA:Checking                          -59.68 USD
  Expenses:Home:Phone                               59.68 USD

2014-12-22 * "Wine-Tarner Cable" ""
  Assets:US:BofA:Checking                          -80.12 USD
  Expenses:Home:Internet                            80.12 USD

2014-12-23 balance Assets:US:BofA:Checking        5251.36 USD

2015-01-04 * "BANK FEES" "Monthly bank fee"
  Assets:US:BofA:Checking                           -4.00 USD
  Expenses:Financial:Fees                            4.00 USD

2015-01-04 * "RiverBank Properties" "Paying the rent"
  Assets:US:BofA:Checking                        -2400.00 USD
  Expenses:Home:Rent                              2400.00 USD

2015-01-09 * "EDISON POWER" ""
  Assets:US:BofA:Checking                          -65.00 USD
  Expenses:Home:Electricity                         65.00 USD

2015-01-20 * "Verizon Wireless" ""
  Assets:US:BofA:Checking                          -49.28 USD
  Expenses:Home:Phone                               49.28 USD

2015-01-22 balance Assets:US:BofA:Checking        4981.77 USD

2015-01-23 * "Wine-Tarner Cable" ""
  Assets:US:BofA:Checking                          -79.80 USD
  Expenses:Home:Internet                            79.80 USD

2015-02-03 * "RiverBank Properties" "Paying the rent"
  Assets:US:BofA:Checking                        -2400.00 USD
  Expenses:Home:Rent                              2400.00 USD

2015-02-04 * "BANK FEES" "Monthly bank fee"
  Assets:US:BofA:Checking                           -4.00 USD
  Expenses:Financial:Fees                            4.00 USD

2015-02-09 * "EDISON POWER" ""
  Assets:US:BofA:Checking                          -65.00 USD
  Expenses:Home:Electricity                         65.00 USD

2015-02-18 * "Verizon Wireless" ""
  Assets:US:BofA:Checking                          -66.82 USD
  Expenses:Home:Phone                               66.82 USD

2015-02-21 balance Assets:US:BofA:Checking        4392.15 USD

2015-02-21 * "Wine-Tarner Cable" ""
  Assets:US:BofA:Checking                          -80.15 USD
  Expenses:Home:Internet                            80.15 USD

2015-03-04 * "BANK FEES" "Monthly bank fee"
  Assets:US:BofA:Checking                           -4.00 USD
  Expenses:Financial:Fees                            4.00 USD

2015-03-04 * "RiverBank Properties" "Paying the rent"
  Assets:US:BofA:Checking                        -2400.00 USD
  Expenses:Home:Rent                              2400.00 USD

2015-03-08 * "EDISON POWER" ""
  Assets:US:BofA:Checking                          -65.00 USD
  Expenses:Home:Electricity                         65.00 USD

2015-03-13 balance Assets:US:BofA:Checking        3869.95 USD

2015-03-20 * "Verizon Wireless" ""
  Assets:US:BofA:Checking                          -60.82 USD
  Expenses:Home:Phone                               60.82 USD

2015-03-21 * "Wine-Tarner Cable" ""
  Assets:US:BofA:Checking                          -80.05 USD
  Expenses:Home:Internet                            80.05 USD

2015-04-02 balance Assets:US:BofA:Checking        4378.19 USD

2015-04-04 * "BANK FEES" "Monthly bank fee"
  Assets:US:BofA:Checking                           -4.00 USD
  Expenses:Financial:Fees                            4.00 USD

2015-04-05 * "RiverBank Properties" "Paying the rent"
  Assets:US:BofA:Checking                        -2400.00 USD
  Expenses:Home:Rent                              2400.00 USD

2015-04-09 * "EDISON POWER" ""
  Assets:US:BofA:Checking                          -65.00 USD
  Expenses:Home:Electricity                         65.00 USD

2015-04-20 * "Verizon Wireless" ""
  Assets:US:BofA:Checking                          -45.02 USD
  Expenses:Home:Phone                               45.02 USD

2015-04-21 * "Wine-Tarner Cable" ""
  Assets:US:BofA:Checking                          -80.08 USD
  Expenses:Home:Internet                            80.08 USD

2015-04-30 balance Assets:US:BofA:Checking        3750.27 USD

2015-05-04 * "BANK FEES" "Monthly bank fee"
  Assets:US:BofA:Checking                           -4.00 USD
  Expenses:Financial:Fees                            4.00 USD

2015-05-04 * "RiverBank Properties" "Paying the rent"
  Assets:US:BofA:Checking                        -2400.00 USD
  Expenses:Home:Rent                              2400.00 USD

2015-05-09 * "EDISON POWER" ""
  Assets:US:BofA:Checking                          -65.00 USD
  Expenses:Home:Electricity                         65.00 USD

2015-05-19 * "Verizon Wireless" ""
  Assets:US:BofA:Checking                          -76.40 USD
  Expenses:Home:Phone                               76.40 USD

2015-05-22 * "Wine-Tarner Cable" ""
  Assets:US:BofA:Checking                          -80.07 USD
  Expenses:Home:Internet                            80.07 USD

2015-05-30 balance Assets:US:BofA:Checking        3150.63 USD

2015-06-04 * "BANK FEES" "Monthly bank fee"
  Assets:US:BofA:Checking                           -4.00 USD
  Expenses:Financial:Fees                            4.00 USD

2015-06-06 * "RiverBank Properties" "Paying the rent"
  Assets:US:BofA:Checking                        -2400.00 USD
  Expenses:Home:Rent                              2400.00 USD

2015-06-08 * "EDISON POWER" ""
  Assets:US:BofA:Checking                          -65.00 USD
  Expenses:Home:Electricity                         65.00 USD

2015-06-20 balance Assets:US:BofA:Checking        2916.80 USD

2015-06-20 * "Verizon Wireless" ""
  Assets:US:BofA:Checking                          -89.17 USD
  Expenses:Home:Phone                               89.17 USD

2015-06-22 * "Wine-Tarner Cable" ""
  Assets:US:BofA:Checking                          -79.98 USD
  Expenses:Home:Internet                            79.98 USD

2015-07-04 * "BANK FEES" "Monthly bank fee"
  Assets:US:BofA:Checking                           -4.00 USD
  Expenses:Financial:Fees                            4.00 USD

2015-07-06 * "RiverBank Properties" "Paying the rent"
  Assets:US:BofA:Checking                        -2400.00 USD
  Expenses:Home:Rent                              2400.00 USD

2015-07-08 * "EDISON POWER" ""
  Assets:US:BofA:Checking                          -65.00 USD
  Expenses:Home:Electricity                         65.00 USD

2015-07-20 balance Assets:US:BofA:Checking        2470.68 USD

2015-07-20 * "Verizon Wireless" ""
  Assets:US:BofA:Checking                          -67.09 USD
  Expenses:Home:Phone                               67.09 USD

2015-07-23 * "Wine-Tarner Cable" ""
  Assets:US:BofA:Checking                          -80.24 USD
  Expenses:Home:Internet                            80.24 USD

2015-08-04 * "BANK FEES" "Monthly bank fee"
  Assets:US:BofA:Checking                           -4.00 USD
  Expenses:Financial:Fees                            4.00 USD

2015-08-05 * "RiverBank Properties" "Paying the rent"
  Assets:US:BofA:Checking                        -2400.00 USD
  Expenses:Home:Rent                              2400.00 USD

2015-08-08 * "EDISON POWER" ""
  Assets:US:BofA:Checking                          -65.00 USD
  Expenses:Home:Electricity                         65.00 USD

2015-08-14 * "Transfering accumulated savings to other account"
  Assets:US:BofA:Checking                           -3500 USD
  Assets:US:ETrade:Cash                              3500 USD

2015-08-18 balance Assets:US:BofA:Checking         826.06 USD

2015-08-20 * "Verizon Wireless" ""
  Assets:US:BofA:Checking                          -53.34 USD
  Expenses:Home:Phone                               53.34 USD

2015-08-23 * "Wine-Tarner Cable" ""
  Assets:US:BofA:Checking                          -80.14 USD
  Expenses:Home:Internet                            80.14 USD

2015-09-04 * "BANK FEES" "Monthly bank fee"
  Assets:US:BofA:Checking                           -4.00 USD
  Expenses:Financial:Fees                            4.00 USD

2015-09-04 * "RiverBank Properties" "Paying the rent"
  Assets:US:BofA:Checking                        -2400.00 USD
  Expenses:Home:Rent                              2400.00 USD

2015-09-08 * "EDISON POWER" ""
  Assets:US:BofA:Checking                          -65.00 USD
  Expenses:Home:Electricity                         65.00 USD

2015-09-11 balance Assets:US:BofA:Checking        2686.43 USD

2015-09-18 * "Verizon Wireless" ""
  Assets:US:BofA:Checking                          -59.22 USD
  Expenses:Home:Phone                               59.22 USD

2015-09-23 * "Wine-Tarner Cable" ""
  Assets:US:BofA:Checking                          -79.83 USD
  Expenses:Home:Internet                            79.83 USD

2015-10-04 balance Assets:US:BofA:Checking        5097.98 USD

2015-10-04 * "BANK FEES" "Monthly bank fee"
  Assets:US:BofA:Checking                           -4.00 USD
  Expenses:Financial:Fees                            4.00 USD

2015-10-04 * "RiverBank Properties" "Paying the rent"
  Assets:US:BofA:Checking                        -2400.00 USD
  Expenses:Home:Rent                              2400.00 USD

2015-10-08 * "EDISON POWER" ""
  Assets:US:BofA:Checking                          -65.00 USD
  Expenses:Home:Electricity                         65.00 USD

2015-10-09 * "Transfering accumulated savings to other account"
  Assets:US:BofA:Checking                           -4000 USD
  Assets:US:ETrade:Cash                              4000 USD

2015-10-18 * "Verizon Wireless" ""
  Assets:US:BofA:Checking                          -67.92 USD
  Expenses:Home:Phone                               67.92 USD

2015-10-21 * "Wine-Tarner Cable" ""
  Assets:US:BofA:Checking                          -80.23 USD
  Expenses:Home:Internet                            80.23 USD

2015-10-28 balance Assets:US:BofA:Checking        3058.36 USD

2015-11-04 * "BANK FEES" "Monthly bank fee"
  Assets:US:BofA:Checking                           -4.00 USD
  Expenses:Financial:Fees                            4.00 USD

2015-11-06 * "RiverBank Properties" "Paying the rent"
  Assets:US:BofA:Checking                        -2400.00 USD
  Expenses:Home:Rent                              2400.00 USD

2015-11-09 * "EDISON POWER" ""
  Assets:US:BofA:Checking                          -65.00 USD
  Expenses:Home:Electricity                         65.00 USD

2015-11-19 * "Verizon Wireless" ""
  Assets:US:BofA:Checking                          -60.50 USD
  Expenses:Home:Phone                               60.50 USD

2015-11-20 * "Transfering accumulated savings to other account"
  Assets:US:BofA:Checking                           -4000 USD
  Assets:US:ETrade:Cash                              4000 USD

2015-11-21 balance Assets:US:BofA:Checking        1020.58 USD

2015-11-23 * "Wine-Tarner Cable" ""
  Assets:US:BofA:Checking                          -80.01 USD
  Expenses:Home:Internet                            80.01 USD

2015-12-04 * "BANK FEES" "Monthly bank fee"
  Assets:US:BofA:Checking                           -4.00 USD
  Expenses:Financial:Fees                            4.00 USD

2015-12-04 * "RiverBank Properties" "Paying the rent"
  Assets:US:BofA:Checking                        -2400.00 USD
  Expenses:Home:Rent                              2400.00 USD

2015-12-08 * "EDISON POWER" ""
  Assets:US:BofA:Checking                          -65.00 USD
  Expenses:Home:Electricity                         65.00 USD

2015-12-18 balance Assets:US:BofA:Checking        3280.45 USD

2015-12-18 * "Verizon Wireless" ""
  Assets:US:BofA:Checking                          -45.79 USD
  Expenses:Home:Phone                               45.79 USD

2015-12-23 * "Wine-Tarner Cable" ""
  Assets:US:BofA:Checking                          -79.88 USD
  Expenses:Home:Internet                            79.88 USD

2016-01-04 * "BANK FEES" "Monthly bank fee"
  Assets:US:BofA:Checking                           -4.00 USD
  Expenses:Financial:Fees                            4.00 USD

2016-01-06 * "RiverBank Properties" "Paying the rent"
  Assets:US:BofA:Checking                        -2400.00 USD
  Expenses:Home:Rent                              2400.00 USD

2016-01-08 balance Assets:US:BofA:Checking        3582.92 USD

2016-01-09 * "EDISON POWER" ""
  Assets:US:BofA:Checking                          -65.00 USD
  Expenses:Home:Electricity                         65.00 USD

2016-01-18 * "Verizon Wireless" ""
  Assets:US:BofA:Checking                          -55.44 USD
  Expenses:Home:Phone                               55.44 USD

2016-01-22 * "Wine-Tarner Cable" ""
  Assets:US:BofA:Checking                          -80.05 USD
  Expenses:Home:Internet                            80.05 USD

2016-02-04 * "BANK FEES" "Monthly bank fee"
  Assets:US:BofA:Checking                           -4.00 USD
  Expenses:Financial:Fees                            4.00 USD

2016-02-04 * "RiverBank Properties" "Paying the rent"
  Assets:US:BofA:Checking                        -2400.00 USD
  Expenses:Home:Rent                              2400.00 USD

2016-02-06 balance Assets:US:BofA:Checking        3030.42 USD

2016-02-08 * "EDISON POWER" ""
  Assets:US:BofA:Checking                          -65.00 USD
  Expenses:Home:Electricity                         65.00 USD

2016-02-19 * "Verizon Wireless" ""
  Assets:US:BofA:Checking                          -58.81 USD
  Expenses:Home:Phone                               58.81 USD

2016-02-21 * "Wine-Tarner Cable" ""
  Assets:US:BofA:Checking                          -79.97 USD
  Expenses:Home:Internet                            79.97 USD

2016-03-04 balance Assets:US:BofA:Checking        5008.93 USD

2016-03-04 * "BANK FEES" "Monthly bank fee"
  Assets:US:BofA:Checking                           -4.00 USD
  Expenses:Financial:Fees                            4.00 USD

2016-03-05 * "RiverBank Properties" "Paying the rent"
  Assets:US:BofA:Checking                        -2400.00 USD
  Expenses:Home:Rent                              2400.00 USD

2016-03-08 * "EDISON POWER" ""
  Assets:US:BofA:Checking                          -65.00 USD
  Expenses:Home:Electricity                         65.00 USD

2016-03-20 * "Verizon Wireless" ""
  Assets:US:BofA:Checking                          -57.64 USD
  Expenses:Home:Phone                               57.64 USD

2016-03-23 * "Wine-Tarner Cable" ""
  Assets:US:BofA:Checking                          -80.11 USD
  Expenses:Home:Internet                            80.11 USD

2016-04-02 balance Assets:US:BofA:Checking        3713.69 USD

;; 2016-04-04 * "BANK FEES" "Monthly bank fee"
;;   Assets:US:BofA:Checking                           -4.00 USD
;;   Expenses:Financial:Fees                            4.00 USD
;; 
;; 2016-04-05 * "RiverBank Properties" "Paying the rent"
;;   Assets:US:BofA:Checking                        -2400.00 USD
;;   Expenses:Home:Rent                              2400.00 USD
;; 
;; 2016-04-08 * "EDISON POWER" ""
;;   Assets:US:BofA:Checking                          -65.00 USD
;;   Expenses:Home:Electricity                         65.00 USD
;; 
;; 2016-04-20 * "Verizon Wireless" ""
;;   Assets:US:BofA:Checking                          -72.02 USD
;;   Expenses:Home:Phone                               72.02 USD
;; 
;; 2016-04-23 * "Wine-Tarner Cable" ""
;;   Assets:US:BofA:Checking                          -79.90 USD
;;   Expenses:Home:Internet                            79.90 USD
;; 
;; 2016-04-26 balance Assets:US:BofA:Checking        3200.59 USD
;; 
;; 2016-05-04 * "BANK FEES" "Monthly bank fee"
;;   Assets:US:BofA:Checking                           -4.00 USD
;;   Expenses:Financial:Fees                            4.00 USD
;; 
;; 2016-05-06 * "Transfering accumulated savings to other account"
;;   Assets:US:BofA:Checking                           -4000 USD
;;   Assets:US:ETrade:Cash                              4000 USD



* Credit-Cards

1980-05-12 open Liabilities:US:Chase:Slate                      USD

2014-01-02 * "Chichipotle" "Eating out with Natasha"
  Liabilities:US:Chase:Slate                       -63.53 USD
  Expenses:Food:Restaurant                          63.53 USD

2014-01-05 * "Uncle Boons" "Eating out with work buddies"
  Liabilities:US:Chase:Slate                       -21.40 USD
  Expenses:Food:Restaurant                          21.40 USD

2014-01-07 * "Rose Flower" "Eating out with Natasha"
  Liabilities:US:Chase:Slate                       -21.72 USD
  Expenses:Food:Restaurant                          21.72 USD

2014-01-07 * "Chase:Slate" "Paying off credit card"
  Liabilities:US:Chase:Slate                       106.65 USD
  Assets:US:BofA:Checking                         -106.65 USD

2014-01-12 * "Goba Goba" "Eating out alone"
  Liabilities:US:Chase:Slate                       -19.19 USD
  Expenses:Food:Restaurant                          19.19 USD

2014-01-16 * "Chichipotle" "Eating out "
  Liabilities:US:Chase:Slate                       -49.02 USD
  Expenses:Food:Restaurant                          49.02 USD

2014-01-19 * "Cafe Modagor" "Eating out with Julie"
  Liabilities:US:Chase:Slate                       -31.30 USD
  Expenses:Food:Restaurant                          31.30 USD

2014-01-19 * "Good Moods Market" "Buying groceries"
  Liabilities:US:Chase:Slate                       -82.43 USD
  Expenses:Food:Groceries                           82.43 USD

2014-01-23 * "Uncle Boons" "Eating out with Julie"
  Liabilities:US:Chase:Slate                       -34.38 USD
  Expenses:Food:Restaurant                          34.38 USD

2014-01-24 * "Cafe Modagor" "Eating out with Joe"
  Liabilities:US:Chase:Slate                       -54.97 USD
  Expenses:Food:Restaurant                          54.97 USD

2014-01-25 balance Liabilities:US:Chase:Slate     -271.29 USD

2014-01-26 * "Kin Soy" "Eating out with Bill"
  Liabilities:US:Chase:Slate                       -22.76 USD
  Expenses:Food:Restaurant                          22.76 USD

2014-01-27 * "Farmer Fresh" "Buying groceries"
  Liabilities:US:Chase:Slate                       -53.77 USD
  Expenses:Food:Groceries                           53.77 USD

2014-01-28 * "Goba Goba" "Eating out with Bill"
  Liabilities:US:Chase:Slate                       -19.57 USD
  Expenses:Food:Restaurant                          19.57 USD

2014-02-01 * "Onion Market" "Buying groceries"
  Liabilities:US:Chase:Slate                      -108.62 USD
  Expenses:Food:Groceries                          108.62 USD

2014-02-02 * "Jewel of Morroco" "Eating out with Natasha"
  Liabilities:US:Chase:Slate                       -28.96 USD
  Expenses:Food:Restaurant                          28.96 USD

2014-02-03 * "Chichipotle" "Eating out with Bill"
  Liabilities:US:Chase:Slate                       -16.17 USD
  Expenses:Food:Restaurant                          16.17 USD

2014-02-03 * "Metro Transport Authority" "Tram tickets"
  Liabilities:US:Chase:Slate                      -120.00 USD
  Expenses:Transport:Tram                          120.00 USD

2014-02-07 * "Kin Soy" "Eating out with work buddies"
  Liabilities:US:Chase:Slate                       -45.24 USD
  Expenses:Food:Restaurant                          45.24 USD

2014-02-09 * "Chichipotle" "Eating out with Joe"
  Liabilities:US:Chase:Slate                       -25.08 USD
  Expenses:Food:Restaurant                          25.08 USD

2014-02-10 * "Chase:Slate" "Paying off credit card"
  Liabilities:US:Chase:Slate                       732.27 USD
  Assets:US:BofA:Checking                         -732.27 USD

2014-02-12 * "Cafe Modagor" "Eating out with Natasha"
  Liabilities:US:Chase:Slate                       -20.81 USD
  Expenses:Food:Restaurant                          20.81 USD

2014-02-14 * "Chichipotle" "Eating out after work"
  Liabilities:US:Chase:Slate                       -19.92 USD
  Expenses:Food:Restaurant                          19.92 USD

2014-02-14 * "Onion Market" "Buying groceries"
  Liabilities:US:Chase:Slate                       -61.85 USD
  Expenses:Food:Groceries                           61.85 USD

2014-02-16 balance Liabilities:US:Chase:Slate      -81.77 USD

2014-02-17 * "Jewel of Morroco" "Eating out after work"
  Liabilities:US:Chase:Slate                       -47.11 USD
  Expenses:Food:Restaurant                          47.11 USD

2014-02-19 * "Cafe Modagor" "Eating out with Natasha"
  Liabilities:US:Chase:Slate                       -42.19 USD
  Expenses:Food:Restaurant                          42.19 USD

2014-02-21 * "Farmer Fresh" "Buying groceries"
  Liabilities:US:Chase:Slate                       -69.71 USD
  Expenses:Food:Groceries                           69.71 USD

2014-02-23 * "Chichipotle" "Eating out with Bill"
  Liabilities:US:Chase:Slate                       -20.19 USD
  Expenses:Food:Restaurant                          20.19 USD

2014-02-24 * "China Garden" "Eating out with Joe"
  Liabilities:US:Chase:Slate                       -32.08 USD
  Expenses:Food:Restaurant                          32.08 USD

2014-02-26 * "Kin Soy" "Eating out with Julie"
  Liabilities:US:Chase:Slate                       -22.88 USD
  Expenses:Food:Restaurant                          22.88 USD

2014-03-03 * "Rose Flower" "Eating out with work buddies"
  Liabilities:US:Chase:Slate                       -55.31 USD
  Expenses:Food:Restaurant                          55.31 USD

2014-03-03 * "Metro Transport Authority" "Tram tickets"
  Liabilities:US:Chase:Slate                      -120.00 USD
  Expenses:Transport:Tram                          120.00 USD

2014-03-06 * "Jewel of Morroco" "Eating out "
  Liabilities:US:Chase:Slate                       -28.34 USD
  Expenses:Food:Restaurant                          28.34 USD

2014-03-07 * "Good Moods Market" "Buying groceries"
  Liabilities:US:Chase:Slate                       -89.35 USD
  Expenses:Food:Groceries                           89.35 USD

2014-03-08 balance Liabilities:US:Chase:Slate     -608.93 USD

2014-03-08 * "Chase:Slate" "Paying off credit card"
  Liabilities:US:Chase:Slate                       636.33 USD
  Assets:US:BofA:Checking                         -636.33 USD

2014-03-10 * "Kin Soy" "Eating out "
  Liabilities:US:Chase:Slate                       -27.40 USD
  Expenses:Food:Restaurant                          27.40 USD

2014-03-12 * "Kin Soy" "Eating out with Natasha"
  Liabilities:US:Chase:Slate                       -21.92 USD
  Expenses:Food:Restaurant                          21.92 USD

2014-03-13 * "Kin Soy" "Eating out after work"
  Liabilities:US:Chase:Slate                       -31.28 USD
  Expenses:Food:Restaurant                          31.28 USD

2014-03-17 * "Onion Market" "Buying groceries"
  Liabilities:US:Chase:Slate                       -97.48 USD
  Expenses:Food:Groceries                           97.48 USD

2014-03-18 * "Cafe Modagor" "Eating out "
  Liabilities:US:Chase:Slate                       -20.41 USD
  Expenses:Food:Restaurant                          20.41 USD

2014-03-19 * "Uncle Boons" "Eating out with Julie"
  Liabilities:US:Chase:Slate                       -52.17 USD
  Expenses:Food:Restaurant                          52.17 USD

2014-03-22 * "Rose Flower" "Eating out "
  Liabilities:US:Chase:Slate                       -40.93 USD
  Expenses:Food:Restaurant                          40.93 USD

2014-03-23 * "Farmer Fresh" "Buying groceries"
  Liabilities:US:Chase:Slate                       -84.28 USD
  Expenses:Food:Groceries                           84.28 USD

2014-03-26 * "Rose Flower" "Eating out "
  Liabilities:US:Chase:Slate                       -27.48 USD
  Expenses:Food:Restaurant                          27.48 USD

2014-03-28 * "Rose Flower" "Eating out with Natasha"
  Liabilities:US:Chase:Slate                       -49.81 USD
  Expenses:Food:Restaurant                          49.81 USD

2014-03-31 * "China Garden" "Eating out after work"
  Liabilities:US:Chase:Slate                       -18.26 USD
  Expenses:Food:Restaurant                          18.26 USD

2014-04-05 * "Cafe Modagor" "Eating out alone"
  Liabilities:US:Chase:Slate                       -66.57 USD
  Expenses:Food:Restaurant                          66.57 USD

2014-04-05 * "Metro Transport Authority" "Tram tickets"
  Liabilities:US:Chase:Slate                      -120.00 USD
  Expenses:Transport:Tram                          120.00 USD

2014-04-07 balance Liabilities:US:Chase:Slate     -630.59 USD

2014-04-08 * "Jewel of Morroco" "Eating out after work"
  Liabilities:US:Chase:Slate                       -51.52 USD
  Expenses:Food:Restaurant                          51.52 USD

2014-04-08 * "Chase:Slate" "Paying off credit card"
  Liabilities:US:Chase:Slate                       682.11 USD
  Assets:US:BofA:Checking                         -682.11 USD

2014-04-09 * "Onion Market" "Buying groceries"
  Liabilities:US:Chase:Slate                      -116.74 USD
  Expenses:Food:Groceries                          116.74 USD

2014-04-13 * "China Garden" "Eating out after work"
  Liabilities:US:Chase:Slate                       -25.93 USD
  Expenses:Food:Restaurant                          25.93 USD

2014-04-18 * "Rose Flower" "Eating out after work"
  Liabilities:US:Chase:Slate                       -23.65 USD
  Expenses:Food:Restaurant                          23.65 USD

2014-04-23 * "Jewel of Morroco" "Eating out with Joe"
  Liabilities:US:Chase:Slate                       -33.12 USD
  Expenses:Food:Restaurant                          33.12 USD

2014-04-26 * "Cafe Modagor" "Eating out "
  Liabilities:US:Chase:Slate                       -26.13 USD
  Expenses:Food:Restaurant                          26.13 USD

2014-04-29 * "Kin Soy" "Eating out with Bill"
  Liabilities:US:Chase:Slate                       -27.14 USD
  Expenses:Food:Restaurant                          27.14 USD

2014-04-29 * "Farmer Fresh" "Buying groceries"
  Liabilities:US:Chase:Slate                       -77.08 USD
  Expenses:Food:Groceries                           77.08 USD

2014-04-30 balance Liabilities:US:Chase:Slate     -329.79 USD

2014-05-03 * "Cafe Modagor" "Eating out with Bill"
  Liabilities:US:Chase:Slate                       -20.06 USD
  Expenses:Food:Restaurant                          20.06 USD

2014-05-04 * "Metro Transport Authority" "Tram tickets"
  Liabilities:US:Chase:Slate                      -120.00 USD
  Expenses:Transport:Tram                          120.00 USD

2014-05-06 * "Chichipotle" "Eating out alone"
  Liabilities:US:Chase:Slate                       -32.73 USD
  Expenses:Food:Restaurant                          32.73 USD

2014-05-07 * "Chase:Slate" "Paying off credit card"
  Liabilities:US:Chase:Slate                       538.76 USD
  Assets:US:BofA:Checking                         -538.76 USD

2014-05-10 * "Uncle Boons" "Eating out after work"
  Liabilities:US:Chase:Slate                       -36.18 USD
  Expenses:Food:Restaurant                          36.18 USD

2014-05-11 * "Rose Flower" "Eating out with work buddies"
  Liabilities:US:Chase:Slate                       -19.63 USD
  Expenses:Food:Restaurant                          19.63 USD

2014-05-14 * "China Garden" "Eating out with Bill"
  Liabilities:US:Chase:Slate                       -27.81 USD
  Expenses:Food:Restaurant                          27.81 USD

2014-05-16 * "Cafe Modagor" "Eating out with Julie"
  Liabilities:US:Chase:Slate                       -29.91 USD
  Expenses:Food:Restaurant                          29.91 USD

2014-05-17 * "Chichipotle" "Eating out alone"
  Liabilities:US:Chase:Slate                       -55.03 USD
  Expenses:Food:Restaurant                          55.03 USD

2014-05-18 * "Farmer Fresh" "Buying groceries"
  Liabilities:US:Chase:Slate                       -68.45 USD
  Expenses:Food:Groceries                           68.45 USD

2014-05-21 * "Uncle Boons" "Eating out "
  Liabilities:US:Chase:Slate                       -36.36 USD
  Expenses:Food:Restaurant                          36.36 USD

2014-05-23 * "Rose Flower" "Eating out with Bill"
  Liabilities:US:Chase:Slate                       -44.46 USD
  Expenses:Food:Restaurant                          44.46 USD

2014-05-23 * "Corner Deli" "Buying groceries"
  Liabilities:US:Chase:Slate                       -80.61 USD
  Expenses:Food:Groceries                           80.61 USD

2014-05-27 * "Kin Soy" "Eating out with Natasha"
  Liabilities:US:Chase:Slate                       -17.05 USD
  Expenses:Food:Restaurant                          17.05 USD

2014-05-28 * "Farmer Fresh" "Buying groceries"
  Liabilities:US:Chase:Slate                       -85.16 USD
  Expenses:Food:Groceries                           85.16 USD

2014-05-29 balance Liabilities:US:Chase:Slate     -464.47 USD

2014-05-31 * "Cafe Modagor" "Eating out with Bill"
  Liabilities:US:Chase:Slate                       -27.78 USD
  Expenses:Food:Restaurant                          27.78 USD

2014-06-01 * "China Garden" "Eating out alone"
  Liabilities:US:Chase:Slate                       -27.24 USD
  Expenses:Food:Restaurant                          27.24 USD

2014-06-01 * "Metro Transport Authority" "Tram tickets"
  Liabilities:US:Chase:Slate                      -120.00 USD
  Expenses:Transport:Tram                          120.00 USD

2014-06-02 * "Jewel of Morroco" "Eating out with Joe"
  Liabilities:US:Chase:Slate                       -26.59 USD
  Expenses:Food:Restaurant                          26.59 USD

2014-06-05 * "Rose Flower" "Eating out with Bill"
  Liabilities:US:Chase:Slate                       -43.73 USD
  Expenses:Food:Restaurant                          43.73 USD

2014-06-09 * "Jewel of Morroco" "Eating out with Julie"
  Liabilities:US:Chase:Slate                       -19.14 USD
  Expenses:Food:Restaurant                          19.14 USD

2014-06-11 * "Chase:Slate" "Paying off credit card"
  Liabilities:US:Chase:Slate                       789.36 USD
  Assets:US:BofA:Checking                         -789.36 USD

2014-06-12 * "Good Moods Market" "Buying groceries"
  Liabilities:US:Chase:Slate                       -60.41 USD
  Expenses:Food:Groceries                           60.41 USD

2014-06-14 * "Jewel of Morroco" "Eating out with Natasha"
  Liabilities:US:Chase:Slate                       -29.12 USD
  Expenses:Food:Restaurant                          29.12 USD

2014-06-18 * "Cafe Modagor" "Eating out with Julie"
  Liabilities:US:Chase:Slate                       -21.94 USD
  Expenses:Food:Restaurant                          21.94 USD

2014-06-20 * "Rose Flower" "Eating out with Julie"
  Liabilities:US:Chase:Slate                       -71.69 USD
  Expenses:Food:Restaurant                          71.69 USD

2014-06-21 * "Goba Goba" "Eating out with Julie"
  Liabilities:US:Chase:Slate                       -24.30 USD
  Expenses:Food:Restaurant                          24.30 USD

2014-06-25 balance Liabilities:US:Chase:Slate     -147.05 USD

2014-06-25 * "China Garden" "Eating out "
  Liabilities:US:Chase:Slate                       -16.44 USD
  Expenses:Food:Restaurant                          16.44 USD

2014-06-28 * "Metro Transport Authority" "Tram tickets"
  Liabilities:US:Chase:Slate                      -120.00 USD
  Expenses:Transport:Tram                          120.00 USD

2014-06-30 * "Goba Goba" "Eating out with Joe"
  Liabilities:US:Chase:Slate                       -18.36 USD
  Expenses:Food:Restaurant                          18.36 USD

2014-07-01 * "Uncle Boons" "Eating out with Joe"
  Liabilities:US:Chase:Slate                       -29.12 USD
  Expenses:Food:Restaurant                          29.12 USD

2014-07-01 * "Farmer Fresh" "Buying groceries"
  Liabilities:US:Chase:Slate                       -82.16 USD
  Expenses:Food:Groceries                           82.16 USD

2014-07-02 * "Rose Flower" "Eating out with Joe"
  Liabilities:US:Chase:Slate                       -32.86 USD
  Expenses:Food:Restaurant                          32.86 USD

2014-07-03 * "China Garden" "Eating out with work buddies"
  Liabilities:US:Chase:Slate                       -37.64 USD
  Expenses:Food:Restaurant                          37.64 USD

2014-07-04 * "Cafe Modagor" "Eating out with Joe"
  Liabilities:US:Chase:Slate                       -43.86 USD
  Expenses:Food:Restaurant                          43.86 USD

2014-07-07 * "Cafe Modagor" "Eating out alone"
  Liabilities:US:Chase:Slate                       -19.58 USD
  Expenses:Food:Restaurant                          19.58 USD

2014-07-08 * "Chase:Slate" "Paying off credit card"
  Liabilities:US:Chase:Slate                       653.81 USD
  Assets:US:BofA:Checking                         -653.81 USD

2014-07-09 * "Farmer Fresh" "Buying groceries"
  Liabilities:US:Chase:Slate                      -106.74 USD
  Expenses:Food:Groceries                          106.74 USD

2014-07-10 * "China Garden" "Eating out with Bill"
  Liabilities:US:Chase:Slate                       -51.24 USD
  Expenses:Food:Restaurant                          51.24 USD

2014-07-13 * "Goba Goba" "Eating out with Bill"
  Liabilities:US:Chase:Slate                       -22.53 USD
  Expenses:Food:Restaurant                          22.53 USD

2014-07-14 * "Chichipotle" "Eating out "
  Liabilities:US:Chase:Slate                       -21.56 USD
  Expenses:Food:Restaurant                          21.56 USD

2014-07-15 * "Jewel of Morroco" "Eating out with Natasha"
  Liabilities:US:Chase:Slate                       -30.15 USD
  Expenses:Food:Restaurant                          30.15 USD

2014-07-16 balance Liabilities:US:Chase:Slate     -125.48 USD

2014-07-20 * "Kin Soy" "Eating out with Julie"
  Liabilities:US:Chase:Slate                       -23.89 USD
  Expenses:Food:Restaurant                          23.89 USD

2014-07-24 * "Onion Market" "Buying groceries"
  Liabilities:US:Chase:Slate                       -91.56 USD
  Expenses:Food:Groceries                           91.56 USD

2014-07-25 * "China Garden" "Eating out with Julie"
  Liabilities:US:Chase:Slate                       -20.63 USD
  Expenses:Food:Restaurant                          20.63 USD

2014-07-27 * "Kin Soy" "Eating out with Julie"
  Liabilities:US:Chase:Slate                       -19.37 USD
  Expenses:Food:Restaurant                          19.37 USD

2014-07-29 * "Rose Flower" "Eating out alone"
  Liabilities:US:Chase:Slate                       -19.84 USD
  Expenses:Food:Restaurant                          19.84 USD

2014-07-30 * "Uncle Boons" "Eating out after work"
  Liabilities:US:Chase:Slate                       -23.43 USD
  Expenses:Food:Restaurant                          23.43 USD

2014-07-30 * "Metro Transport Authority" "Tram tickets"
  Liabilities:US:Chase:Slate                      -120.00 USD
  Expenses:Transport:Tram                          120.00 USD

2014-08-02 * "Goba Goba" "Eating out after work"
  Liabilities:US:Chase:Slate                       -18.31 USD
  Expenses:Food:Restaurant                          18.31 USD

2014-08-04 * "Goba Goba" "Eating out alone"
  Liabilities:US:Chase:Slate                       -47.64 USD
  Expenses:Food:Restaurant                          47.64 USD

2014-08-09 * "Goba Goba" "Eating out with Natasha"
  Liabilities:US:Chase:Slate                       -33.03 USD
  Expenses:Food:Restaurant                          33.03 USD

2014-08-10 * "China Garden" "Eating out with Joe"
  Liabilities:US:Chase:Slate                       -19.94 USD
  Expenses:Food:Restaurant                          19.94 USD

2014-08-11 balance Liabilities:US:Chase:Slate     -563.12 USD

2014-08-11 * "Chase:Slate" "Paying off credit card"
  Liabilities:US:Chase:Slate                       588.43 USD
  Assets:US:BofA:Checking                         -588.43 USD

2014-08-12 * "Jewel of Morroco" "Eating out with Joe"
  Liabilities:US:Chase:Slate                       -25.31 USD
  Expenses:Food:Restaurant                          25.31 USD

2014-08-12 * "Good Moods Market" "Buying groceries"
  Liabilities:US:Chase:Slate                       -61.35 USD
  Expenses:Food:Groceries                           61.35 USD

2014-08-13 * "Jewel of Morroco" "Eating out with Joe"
  Liabilities:US:Chase:Slate                       -25.14 USD
  Expenses:Food:Restaurant                          25.14 USD

2014-08-14 * "Chichipotle" "Eating out with Natasha"
  Liabilities:US:Chase:Slate                       -19.25 USD
  Expenses:Food:Restaurant                          19.25 USD

2014-08-15 * "Rose Flower" "Eating out with Natasha"
  Liabilities:US:Chase:Slate                       -25.54 USD
  Expenses:Food:Restaurant                          25.54 USD

2014-08-16 * "Rose Flower" "Eating out "
  Liabilities:US:Chase:Slate                       -34.41 USD
  Expenses:Food:Restaurant                          34.41 USD

2014-08-20 * "Onion Market" "Buying groceries"
  Liabilities:US:Chase:Slate                       -80.16 USD
  Expenses:Food:Groceries                           80.16 USD

2014-08-21 * "China Garden" "Eating out with work buddies"
  Liabilities:US:Chase:Slate                       -36.62 USD
  Expenses:Food:Restaurant                          36.62 USD

2014-08-25 * "Chichipotle" "Eating out with Natasha"
  Liabilities:US:Chase:Slate                       -20.38 USD
  Expenses:Food:Restaurant                          20.38 USD

2014-08-26 * "China Garden" "Eating out "
  Liabilities:US:Chase:Slate                       -37.29 USD
  Expenses:Food:Restaurant                          37.29 USD

2014-08-27 * "Metro Transport Authority" "Tram tickets"
  Liabilities:US:Chase:Slate                      -120.00 USD
  Expenses:Transport:Tram                          120.00 USD

2014-08-29 * "Jewel of Morroco" "Eating out with Joe"
  Liabilities:US:Chase:Slate                       -24.52 USD
  Expenses:Food:Restaurant                          24.52 USD

2014-08-30 * "Rose Flower" "Eating out "
  Liabilities:US:Chase:Slate                       -28.09 USD
  Expenses:Food:Restaurant                          28.09 USD

2014-08-31 * "Rose Flower" "Eating out with Natasha"
  Liabilities:US:Chase:Slate                       -58.18 USD
  Expenses:Food:Restaurant                          58.18 USD

2014-09-03 * "Chichipotle" "Eating out with Julie"
  Liabilities:US:Chase:Slate                       -32.16 USD
  Expenses:Food:Restaurant                          32.16 USD

2014-09-05 * "Chichipotle" "Eating out with work buddies"
  Liabilities:US:Chase:Slate                       -42.65 USD
  Expenses:Food:Restaurant                          42.65 USD

2014-09-06 balance Liabilities:US:Chase:Slate     -645.74 USD

2014-09-08 * "Rose Flower" "Eating out alone"
  Liabilities:US:Chase:Slate                       -33.02 USD
  Expenses:Food:Restaurant                          33.02 USD

2014-09-09 * "Good Moods Market" "Buying groceries"
  Liabilities:US:Chase:Slate                      -126.35 USD
  Expenses:Food:Groceries                          126.35 USD

2014-09-09 * "Chase:Slate" "Paying off credit card"
  Liabilities:US:Chase:Slate                       805.11 USD
  Assets:US:BofA:Checking                         -805.11 USD

2014-09-13 * "Kin Soy" "Eating out with Natasha"
  Liabilities:US:Chase:Slate                       -24.32 USD
  Expenses:Food:Restaurant                          24.32 USD

2014-09-18 * "Chichipotle" "Eating out with Joe"
  Liabilities:US:Chase:Slate                       -47.29 USD
  Expenses:Food:Restaurant                          47.29 USD

2014-09-18 * "Good Moods Market" "Buying groceries"
  Liabilities:US:Chase:Slate                       -88.81 USD
  Expenses:Food:Groceries                           88.81 USD

2014-09-22 * "China Garden" "Eating out with Julie"
  Liabilities:US:Chase:Slate                       -40.07 USD
  Expenses:Food:Restaurant                          40.07 USD

2014-09-27 * "Goba Goba" "Eating out with Natasha"
  Liabilities:US:Chase:Slate                       -34.38 USD
  Expenses:Food:Restaurant                          34.38 USD

2014-09-27 * "Good Moods Market" "Buying groceries"
  Liabilities:US:Chase:Slate                       -96.10 USD
  Expenses:Food:Groceries                           96.10 USD

2014-09-28 * "Metro Transport Authority" "Tram tickets"
  Liabilities:US:Chase:Slate                      -120.00 USD
  Expenses:Transport:Tram                          120.00 USD

2014-10-01 balance Liabilities:US:Chase:Slate     -450.97 USD

2014-10-01 * "Uncle Boons" "Eating out after work"
  Liabilities:US:Chase:Slate                       -28.98 USD
  Expenses:Food:Restaurant                          28.98 USD

2014-10-05 * "Rose Flower" "Eating out with Julie"
  Liabilities:US:Chase:Slate                       -23.35 USD
  Expenses:Food:Restaurant                          23.35 USD

2014-10-06 * "Jewel of Morroco" "Eating out alone"
  Liabilities:US:Chase:Slate                       -63.74 USD
  Expenses:Food:Restaurant                          63.74 USD

2014-10-07 * "Chichipotle" "Eating out with Natasha"
  Liabilities:US:Chase:Slate                       -28.38 USD
  Expenses:Food:Restaurant                          28.38 USD

2014-10-08 * "Cafe Modagor" "Eating out with Julie"
  Liabilities:US:Chase:Slate                       -54.11 USD
  Expenses:Food:Restaurant                          54.11 USD

2014-10-08 * "Chase:Slate" "Paying off credit card"
  Liabilities:US:Chase:Slate                       649.53 USD
  Assets:US:BofA:Checking                         -649.53 USD

2014-10-09 * "Onion Market" "Buying groceries"
  Liabilities:US:Chase:Slate                       -98.82 USD
  Expenses:Food:Groceries                           98.82 USD

2014-10-12 * "China Garden" "Eating out alone"
  Liabilities:US:Chase:Slate                        -6.53 USD
  Expenses:Food:Restaurant                           6.53 USD

2014-10-13 * "Jewel of Morroco" "Eating out with Joe"
  Liabilities:US:Chase:Slate                       -31.09 USD
  Expenses:Food:Restaurant                          31.09 USD

2014-10-15 * "Cafe Modagor" "Eating out with Julie"
  Liabilities:US:Chase:Slate                       -44.41 USD
  Expenses:Food:Restaurant                          44.41 USD

2014-10-20 * "Cafe Modagor" "Eating out "
  Liabilities:US:Chase:Slate                       -23.66 USD
  Expenses:Food:Restaurant                          23.66 USD

2014-10-21 * "Rose Flower" "Eating out alone"
  Liabilities:US:Chase:Slate                       -24.06 USD
  Expenses:Food:Restaurant                          24.06 USD

2014-10-22 * "Kin Soy" "Eating out with Natasha"
  Liabilities:US:Chase:Slate                       -40.87 USD
  Expenses:Food:Restaurant                          40.87 USD

2014-10-23 * "Onion Market" "Buying groceries"
  Liabilities:US:Chase:Slate                       -73.65 USD
  Expenses:Food:Groceries                           73.65 USD

2014-10-24 balance Liabilities:US:Chase:Slate     -343.09 USD

2014-10-26 * "Chichipotle" "Eating out "
  Liabilities:US:Chase:Slate                       -43.80 USD
  Expenses:Food:Restaurant                          43.80 USD

2014-10-28 * "Metro Transport Authority" "Tram tickets"
  Liabilities:US:Chase:Slate                      -120.00 USD
  Expenses:Transport:Tram                          120.00 USD

2014-10-29 * "Jewel of Morroco" "Eating out with Joe"
  Liabilities:US:Chase:Slate                       -55.75 USD
  Expenses:Food:Restaurant                          55.75 USD

2014-10-30 * "Rose Flower" "Eating out with Bill"
  Liabilities:US:Chase:Slate                       -23.89 USD
  Expenses:Food:Restaurant                          23.89 USD

2014-11-02 * "Uncle Boons" "Eating out with work buddies"
  Liabilities:US:Chase:Slate                       -28.63 USD
  Expenses:Food:Restaurant                          28.63 USD

2014-11-05 * "Corner Deli" "Buying groceries"
  Liabilities:US:Chase:Slate                       -69.03 USD
  Expenses:Food:Groceries                           69.03 USD

2014-11-06 * "Rose Flower" "Eating out after work"
  Liabilities:US:Chase:Slate                       -43.62 USD
  Expenses:Food:Restaurant                          43.62 USD

2014-11-07 * "Chase:Slate" "Paying off credit card"
  Liabilities:US:Chase:Slate                       752.99 USD
  Assets:US:BofA:Checking                         -752.99 USD

2014-11-10 * "Chichipotle" "Eating out with Joe"
  Liabilities:US:Chase:Slate                       -25.18 USD
  Expenses:Food:Restaurant                          25.18 USD

2014-11-14 * "Chichipotle" "Eating out "
  Liabilities:US:Chase:Slate                       -48.83 USD
  Expenses:Food:Restaurant                          48.83 USD

2014-11-16 * "Corner Deli" "Buying groceries"
  Liabilities:US:Chase:Slate                       -71.72 USD
  Expenses:Food:Groceries                           71.72 USD

2014-11-18 balance Liabilities:US:Chase:Slate     -120.55 USD

2014-11-19 * "Kin Soy" "Eating out with Natasha"
  Liabilities:US:Chase:Slate                       -35.87 USD
  Expenses:Food:Restaurant                          35.87 USD

2014-11-20 * "Jewel of Morroco" "Eating out alone"
  Liabilities:US:Chase:Slate                       -15.48 USD
  Expenses:Food:Restaurant                          15.48 USD

2014-11-24 * "Chichipotle" "Eating out with Julie"
  Liabilities:US:Chase:Slate                       -30.59 USD
  Expenses:Food:Restaurant                          30.59 USD

2014-11-25 * "Metro Transport Authority" "Tram tickets"
  Liabilities:US:Chase:Slate                      -120.00 USD
  Expenses:Transport:Tram                          120.00 USD

2014-11-29 * "Kin Soy" "Eating out with Julie"
  Liabilities:US:Chase:Slate                       -28.27 USD
  Expenses:Food:Restaurant                          28.27 USD

2014-11-30 * "Onion Market" "Buying groceries"
  Liabilities:US:Chase:Slate                       -61.51 USD
  Expenses:Food:Groceries                           61.51 USD

2014-12-01 * "Kin Soy" "Eating out with Julie"
  Liabilities:US:Chase:Slate                       -17.33 USD
  Expenses:Food:Restaurant                          17.33 USD

2014-12-03 * "Jewel of Morroco" "Eating out with Julie"
  Liabilities:US:Chase:Slate                       -38.82 USD
  Expenses:Food:Restaurant                          38.82 USD

2014-12-05 * "China Garden" "Eating out with work buddies"
  Liabilities:US:Chase:Slate                       -18.76 USD
  Expenses:Food:Restaurant                          18.76 USD

2014-12-07 * "Chase:Slate" "Paying off credit card"
  Liabilities:US:Chase:Slate                       510.73 USD
  Assets:US:BofA:Checking                         -510.73 USD

2014-12-08 * "Rose Flower" "Eating out alone"
  Liabilities:US:Chase:Slate                       -23.55 USD
  Expenses:Food:Restaurant                          23.55 USD

2014-12-12 * "Rose Flower" "Eating out with Bill"
  Liabilities:US:Chase:Slate                       -29.68 USD
  Expenses:Food:Restaurant                          29.68 USD

2014-12-15 balance Liabilities:US:Chase:Slate      -29.68 USD

2014-12-15 * "Goba Goba" "Eating out with Joe"
  Liabilities:US:Chase:Slate                       -18.77 USD
  Expenses:Food:Restaurant                          18.77 USD

2014-12-19 * "Good Moods Market" "Buying groceries"
  Liabilities:US:Chase:Slate                       -78.84 USD
  Expenses:Food:Groceries                           78.84 USD

2014-12-20 * "Goba Goba" "Eating out with Joe"
  Liabilities:US:Chase:Slate                       -42.45 USD
  Expenses:Food:Restaurant                          42.45 USD

2014-12-21 * "Chichipotle" "Eating out with Natasha"
  Liabilities:US:Chase:Slate                       -12.89 USD
  Expenses:Food:Restaurant                          12.89 USD

2014-12-26 * "Goba Goba" "Eating out with work buddies"
  Liabilities:US:Chase:Slate                       -33.37 USD
  Expenses:Food:Restaurant                          33.37 USD

2014-12-26 * "Metro Transport Authority" "Tram tickets"
  Liabilities:US:Chase:Slate                      -120.00 USD
  Expenses:Transport:Tram                          120.00 USD

2014-12-27 * "Chichipotle" "Eating out with Natasha"
  Liabilities:US:Chase:Slate                       -16.75 USD
  Expenses:Food:Restaurant                          16.75 USD

2014-12-31 * "China Garden" "Eating out with Bill"
  Liabilities:US:Chase:Slate                       -51.68 USD
  Expenses:Food:Restaurant                          51.68 USD

2015-01-02 event "location" "Boston"

2015-01-03 * "Starbucks" "" #trip-boston-2015
  Liabilities:US:Chase:Slate                        -6.73 USD
  Expenses:Food:Coffee                               6.73 USD

2015-01-06 * "Giacomo's Restaurant" "" #trip-boston-2015
  Liabilities:US:Chase:Slate                       -44.59 USD
  Expenses:Food:Restaurant                          44.59 USD

2015-01-06 * "Franklin Cafe" "" #trip-boston-2015
  Liabilities:US:Chase:Slate                       -27.91 USD
  Expenses:Food:Restaurant                          27.91 USD

2015-01-07 * "Giacomo's Restaurant" "" #trip-boston-2015
  Liabilities:US:Chase:Slate                       -42.02 USD
  Expenses:Food:Restaurant                          42.02 USD

2015-01-07 * "Legal Seafood" "" #trip-boston-2015
  Liabilities:US:Chase:Slate                       -38.00 USD
  Expenses:Food:Restaurant                          38.00 USD

2015-01-07 * "Starbucks" "" #trip-boston-2015
  Liabilities:US:Chase:Slate                        -5.64 USD
  Expenses:Food:Coffee                               5.64 USD

2015-01-08 balance Liabilities:US:Chase:Slate     -569.32 USD

2015-01-08 * "Franklin Cafe" "" #trip-boston-2015
  Liabilities:US:Chase:Slate                       -35.70 USD
  Expenses:Food:Restaurant                          35.70 USD

2015-01-08 * "Chase:Slate" "Paying off credit card"
  Liabilities:US:Chase:Slate                       452.51 USD
  Assets:US:BofA:Checking                         -452.51 USD

2015-01-09 * "Giacomo's Restaurant" "" #trip-boston-2015
  Liabilities:US:Chase:Slate                       -43.65 USD
  Expenses:Food:Restaurant                          43.65 USD

2015-01-09 * "Franklin Cafe" "" #trip-boston-2015
  Liabilities:US:Chase:Slate                       -26.79 USD
  Expenses:Food:Restaurant                          26.79 USD

2015-01-09 * "Starbucks" "" #trip-boston-2015
  Liabilities:US:Chase:Slate                        -6.76 USD
  Expenses:Food:Coffee                               6.76 USD

2015-01-11 * "Franklin Cafe" "" #trip-boston-2015
  Liabilities:US:Chase:Slate                       -25.45 USD
  Expenses:Food:Restaurant                          25.45 USD

2015-01-12 * "Kin Soy" "Eating out with work buddies"
  Liabilities:US:Chase:Slate                       -48.08 USD
  Expenses:Food:Restaurant                          48.08 USD

2015-01-12 * "Consume vacation days"
  Assets:US:Hoogle:Vacation                           -80 VACHR
  Expenses:Vacation                                    80 VACHR

2015-01-12 event "location" "New Metropolis"

2015-01-13 * "Goba Goba" "Eating out after work"
  Liabilities:US:Chase:Slate                       -75.78 USD
  Expenses:Food:Restaurant                          75.78 USD

2015-01-17 * "Goba Goba" "Eating out "
  Liabilities:US:Chase:Slate                       -28.32 USD
  Expenses:Food:Restaurant                          28.32 USD

2015-01-19 * "Corner Deli" "Buying groceries"
  Liabilities:US:Chase:Slate                      -128.68 USD
  Expenses:Food:Groceries                          128.68 USD

2015-01-22 * "China Garden" "Eating out with work buddies"
  Liabilities:US:Chase:Slate                       -29.42 USD
  Expenses:Food:Restaurant                          29.42 USD

2015-01-26 * "Uncle Boons" "Eating out with Joe"
  Liabilities:US:Chase:Slate                       -42.63 USD
  Expenses:Food:Restaurant                          42.63 USD

2015-01-28 * "Metro Transport Authority" "Tram tickets"
  Liabilities:US:Chase:Slate                      -120.00 USD
  Expenses:Transport:Tram                          120.00 USD

2015-01-29 balance Liabilities:US:Chase:Slate     -728.07 USD

2015-01-29 * "Goba Goba" "Eating out with Natasha"
  Liabilities:US:Chase:Slate                       -48.57 USD
  Expenses:Food:Restaurant                          48.57 USD

2015-02-02 * "Uncle Boons" "Eating out with Bill"
  Liabilities:US:Chase:Slate                       -14.79 USD
  Expenses:Food:Restaurant                          14.79 USD

2015-02-04 * "Cafe Modagor" "Eating out with work buddies"
  Liabilities:US:Chase:Slate                       -22.53 USD
  Expenses:Food:Restaurant                          22.53 USD

2015-02-06 * "Farmer Fresh" "Buying groceries"
  Liabilities:US:Chase:Slate                       -71.04 USD
  Expenses:Food:Groceries                           71.04 USD

2015-02-07 * "Chichipotle" "Eating out with Bill"
  Liabilities:US:Chase:Slate                       -26.06 USD
  Expenses:Food:Restaurant                          26.06 USD

2015-02-08 * "Uncle Boons" "Eating out with Joe"
  Liabilities:US:Chase:Slate                       -12.59 USD
  Expenses:Food:Restaurant                          12.59 USD

2015-02-11 * "Chase:Slate" "Paying off credit card"
  Liabilities:US:Chase:Slate                       675.20 USD
  Assets:US:BofA:Checking                         -675.20 USD

2015-02-13 * "Jewel of Morroco" "Eating out "
  Liabilities:US:Chase:Slate                       -54.79 USD
  Expenses:Food:Restaurant                          54.79 USD

2015-02-16 * "Corner Deli" "Buying groceries"
  Liabilities:US:Chase:Slate                       -66.71 USD
  Expenses:Food:Groceries                           66.71 USD

2015-02-17 * "Chichipotle" "Eating out "
  Liabilities:US:Chase:Slate                       -22.38 USD
  Expenses:Food:Restaurant                          22.38 USD

2015-02-19 * "Chichipotle" "Eating out with Natasha"
  Liabilities:US:Chase:Slate                       -41.61 USD
  Expenses:Food:Restaurant                          41.61 USD

2015-02-20 balance Liabilities:US:Chase:Slate     -433.94 USD

2015-02-23 * "Rose Flower" "Eating out with Natasha"
  Liabilities:US:Chase:Slate                       -14.59 USD
  Expenses:Food:Restaurant                          14.59 USD

2015-02-26 * "Jewel of Morroco" "Eating out "
  Liabilities:US:Chase:Slate                       -29.79 USD
  Expenses:Food:Restaurant                          29.79 USD

2015-02-26 * "Corner Deli" "Buying groceries"
  Liabilities:US:Chase:Slate                       -98.18 USD
  Expenses:Food:Groceries                           98.18 USD

2015-02-28 * "Jewel of Morroco" "Eating out with work buddies"
  Liabilities:US:Chase:Slate                       -37.19 USD
  Expenses:Food:Restaurant                          37.19 USD

2015-03-01 * "Metro Transport Authority" "Tram tickets"
  Liabilities:US:Chase:Slate                      -120.00 USD
  Expenses:Transport:Tram                          120.00 USD

2015-03-05 * "Goba Goba" "Eating out after work"
  Liabilities:US:Chase:Slate                       -31.75 USD
  Expenses:Food:Restaurant                          31.75 USD

2015-03-05 * "Onion Market" "Buying groceries"
  Liabilities:US:Chase:Slate                      -106.09 USD
  Expenses:Food:Groceries                          106.09 USD

2015-03-06 * "Kin Soy" "Eating out with Julie"
  Liabilities:US:Chase:Slate                       -39.02 USD
  Expenses:Food:Restaurant                          39.02 USD

2015-03-07 * "Cafe Modagor" "Eating out alone"
  Liabilities:US:Chase:Slate                       -30.35 USD
  Expenses:Food:Restaurant                          30.35 USD

2015-03-08 * "Kin Soy" "Eating out with Julie"
  Liabilities:US:Chase:Slate                       -36.59 USD
  Expenses:Food:Restaurant                          36.59 USD

2015-03-08 * "Chase:Slate" "Paying off credit card"
  Liabilities:US:Chase:Slate                       674.25 USD
  Assets:US:BofA:Checking                         -674.25 USD

2015-03-09 * "Goba Goba" "Eating out alone"
  Liabilities:US:Chase:Slate                       -26.10 USD
  Expenses:Food:Restaurant                          26.10 USD

2015-03-10 * "Good Moods Market" "Buying groceries"
  Liabilities:US:Chase:Slate                       -71.76 USD
  Expenses:Food:Groceries                           71.76 USD

2015-03-11 * "Rose Flower" "Eating out with Julie"
  Liabilities:US:Chase:Slate                       -17.69 USD
  Expenses:Food:Restaurant                          17.69 USD

2015-03-12 balance Liabilities:US:Chase:Slate     -418.79 USD

2015-03-15 * "Cafe Modagor" "Eating out after work"
  Liabilities:US:Chase:Slate                       -82.20 USD
  Expenses:Food:Restaurant                          82.20 USD

2015-03-20 * "Rose Flower" "Eating out with Natasha"
  Liabilities:US:Chase:Slate                       -59.78 USD
  Expenses:Food:Restaurant                          59.78 USD

2015-03-24 * "Chichipotle" "Eating out with Natasha"
  Liabilities:US:Chase:Slate                       -21.77 USD
  Expenses:Food:Restaurant                          21.77 USD

2015-03-25 * "Farmer Fresh" "Buying groceries"
  Liabilities:US:Chase:Slate                      -113.15 USD
  Expenses:Food:Groceries                          113.15 USD

2015-03-26 * "Cafe Modagor" "Eating out with Joe"
  Liabilities:US:Chase:Slate                       -21.68 USD
  Expenses:Food:Restaurant                          21.68 USD

2015-03-27 * "Kin Soy" "Eating out with Julie"
  Liabilities:US:Chase:Slate                       -40.25 USD
  Expenses:Food:Restaurant                          40.25 USD

2015-03-31 * "Chichipotle" "Eating out with work buddies"
  Liabilities:US:Chase:Slate                       -44.04 USD
  Expenses:Food:Restaurant                          44.04 USD

2015-04-02 balance Liabilities:US:Chase:Slate     -801.66 USD

2015-04-03 * "Chichipotle" "Eating out with Joe"
  Liabilities:US:Chase:Slate                       -46.73 USD
  Expenses:Food:Restaurant                          46.73 USD

2015-04-03 * "Metro Transport Authority" "Tram tickets"
  Liabilities:US:Chase:Slate                      -120.00 USD
  Expenses:Transport:Tram                          120.00 USD

2015-04-04 * "Chichipotle" "Eating out with work buddies"
  Liabilities:US:Chase:Slate                       -20.04 USD
  Expenses:Food:Restaurant                          20.04 USD

2015-04-06 * "Kin Soy" "Eating out with Joe"
  Liabilities:US:Chase:Slate                       -21.17 USD
  Expenses:Food:Restaurant                          21.17 USD

2015-04-08 * "Jewel of Morroco" "Eating out after work"
  Liabilities:US:Chase:Slate                       -28.66 USD
  Expenses:Food:Restaurant                          28.66 USD

2015-04-08 * "Chase:Slate" "Paying off credit card"
  Liabilities:US:Chase:Slate                       735.02 USD
  Assets:US:BofA:Checking                         -735.02 USD

2015-04-13 * "Uncle Boons" "Eating out "
  Liabilities:US:Chase:Slate                       -20.16 USD
  Expenses:Food:Restaurant                          20.16 USD

2015-04-13 * "Onion Market" "Buying groceries"
  Liabilities:US:Chase:Slate                       -85.42 USD
  Expenses:Food:Groceries                           85.42 USD

2015-04-17 * "Cafe Modagor" "Eating out with work buddies"
  Liabilities:US:Chase:Slate                       -20.80 USD
  Expenses:Food:Restaurant                          20.80 USD

2015-04-22 * "Rose Flower" "Eating out with work buddies"
  Liabilities:US:Chase:Slate                       -46.67 USD
  Expenses:Food:Restaurant                          46.67 USD

2015-04-23 balance Liabilities:US:Chase:Slate     -476.29 USD

2015-04-24 * "Chichipotle" "Eating out with Joe"
  Liabilities:US:Chase:Slate                       -54.35 USD
  Expenses:Food:Restaurant                          54.35 USD

2015-04-25 * "Kin Soy" "Eating out alone"
  Liabilities:US:Chase:Slate                       -42.88 USD
  Expenses:Food:Restaurant                          42.88 USD

2015-04-27 * "Chichipotle" "Eating out with Bill"
  Liabilities:US:Chase:Slate                       -37.48 USD
  Expenses:Food:Restaurant                          37.48 USD

2015-04-27 * "Onion Market" "Buying groceries"
  Liabilities:US:Chase:Slate                       -72.02 USD
  Expenses:Food:Groceries                           72.02 USD

2015-05-01 * "Metro Transport Authority" "Tram tickets"
  Liabilities:US:Chase:Slate                      -120.00 USD
  Expenses:Transport:Tram                          120.00 USD

2015-05-02 * "Kin Soy" "Eating out after work"
  Liabilities:US:Chase:Slate                       -47.40 USD
  Expenses:Food:Restaurant                          47.40 USD

2015-05-03 * "Onion Market" "Buying groceries"
  Liabilities:US:Chase:Slate                       -84.28 USD
  Expenses:Food:Groceries                           84.28 USD

2015-05-07 * "Kin Soy" "Eating out with Bill"
  Liabilities:US:Chase:Slate                       -23.41 USD
  Expenses:Food:Restaurant                          23.41 USD

2015-05-11 * "Chase:Slate" "Paying off credit card"
  Liabilities:US:Chase:Slate                       675.37 USD
  Assets:US:BofA:Checking                         -675.37 USD

2015-05-12 * "China Garden" "Eating out with Natasha"
  Liabilities:US:Chase:Slate                       -20.50 USD
  Expenses:Food:Restaurant                          20.50 USD

2015-05-16 * "Jewel of Morroco" "Eating out with Bill"
  Liabilities:US:Chase:Slate                       -31.13 USD
  Expenses:Food:Restaurant                          31.13 USD

2015-05-17 * "Onion Market" "Buying groceries"
  Liabilities:US:Chase:Slate                      -105.21 USD
  Expenses:Food:Groceries                          105.21 USD

2015-05-19 balance Liabilities:US:Chase:Slate     -439.58 USD

2015-05-20 * "Kin Soy" "Eating out with Bill"
  Liabilities:US:Chase:Slate                       -17.26 USD
  Expenses:Food:Restaurant                          17.26 USD

2015-05-22 event "location" "Chicago"

2015-05-23 * "25 Degrees Burger Bar" "" #trip-chicago-2015
  Liabilities:US:Chase:Slate                       -22.42 USD
  Expenses:Food:Restaurant                          22.42 USD

2015-05-24 * "Star of Siam" "" #trip-chicago-2015
  Liabilities:US:Chase:Slate                       -20.96 USD
  Expenses:Food:Restaurant                          20.96 USD

2015-05-24 * "25 Degrees Burger Bar" "" #trip-chicago-2015
  Liabilities:US:Chase:Slate                       -25.30 USD
  Expenses:Food:Restaurant                          25.30 USD

2015-05-25 * "Mercadito" "" #trip-chicago-2015
  Liabilities:US:Chase:Slate                       -43.49 USD
  Expenses:Food:Restaurant                          43.49 USD

2015-05-25 * "25 Degrees Burger Bar" "" #trip-chicago-2015
  Liabilities:US:Chase:Slate                       -22.73 USD
  Expenses:Food:Restaurant                          22.73 USD

2015-05-26 * "Star of Siam" "" #trip-chicago-2015
  Liabilities:US:Chase:Slate                       -25.10 USD
  Expenses:Food:Restaurant                          25.10 USD

2015-05-26 * "25 Degrees Burger Bar" "" #trip-chicago-2015
  Liabilities:US:Chase:Slate                       -21.04 USD
  Expenses:Food:Restaurant                          21.04 USD

2015-05-26 * "Argo Tea" "" #trip-chicago-2015
  Liabilities:US:Chase:Slate                        -6.12 USD
  Expenses:Food:Coffee                               6.12 USD

2015-05-27 * "Mercadito" "" #trip-chicago-2015
  Liabilities:US:Chase:Slate                       -35.83 USD
  Expenses:Food:Restaurant                          35.83 USD

2015-05-27 * "25 Degrees Burger Bar" "" #trip-chicago-2015
  Liabilities:US:Chase:Slate                       -17.54 USD
  Expenses:Food:Restaurant                          17.54 USD

2015-05-27 * "Another Sports Pub" "" #trip-chicago-2015
  Liabilities:US:Chase:Slate                       -13.72 USD
  Expenses:Food:Alcohol                             13.72 USD

2015-05-27 * "Argo Tea" "" #trip-chicago-2015
  Liabilities:US:Chase:Slate                        -6.23 USD
  Expenses:Food:Coffee                               6.23 USD

2015-05-28 * "Argo Tea" "" #trip-chicago-2015
  Liabilities:US:Chase:Slate                        -6.22 USD
  Expenses:Food:Coffee                               6.22 USD

2015-05-29 * "Mercadito" "" #trip-chicago-2015
  Liabilities:US:Chase:Slate                       -52.43 USD
  Expenses:Food:Restaurant                          52.43 USD

2015-05-29 * "Eataly Chicago" "" #trip-chicago-2015
  Liabilities:US:Chase:Slate                       -35.27 USD
  Expenses:Food:Restaurant                          35.27 USD

2015-05-29 * "Argo Tea" "" #trip-chicago-2015
  Liabilities:US:Chase:Slate                        -7.12 USD
  Expenses:Food:Coffee                               7.12 USD

2015-05-30 * "Star of Siam" "" #trip-chicago-2015
  Liabilities:US:Chase:Slate                       -26.39 USD
  Expenses:Food:Restaurant                          26.39 USD

2015-05-30 * "Eataly Chicago" "" #trip-chicago-2015
  Liabilities:US:Chase:Slate                       -28.63 USD
  Expenses:Food:Restaurant                          28.63 USD

2015-05-31 * "Metro Transport Authority" "Tram tickets"
  Liabilities:US:Chase:Slate                      -120.00 USD
  Expenses:Transport:Tram                          120.00 USD

2015-05-31 * "Star of Siam" "" #trip-chicago-2015
  Liabilities:US:Chase:Slate                       -23.96 USD
  Expenses:Food:Restaurant                          23.96 USD

2015-05-31 * "Mercadito" "" #trip-chicago-2015
  Liabilities:US:Chase:Slate                       -40.12 USD
  Expenses:Food:Restaurant                          40.12 USD

2015-05-31 * "Another Sports Pub" "" #trip-chicago-2015
  Liabilities:US:Chase:Slate                        -8.64 USD
  Expenses:Food:Alcohol                              8.64 USD

2015-05-31 * "Consume vacation days"
  Assets:US:Hoogle:Vacation                           -72 VACHR
  Expenses:Vacation                                    72 VACHR

2015-05-31 event "location" "New Metropolis"

2015-06-02 * "Kin Soy" "Eating out "
  Liabilities:US:Chase:Slate                       -26.52 USD
  Expenses:Food:Restaurant                          26.52 USD

2015-06-03 * "Jewel of Morroco" "Eating out alone"
  Liabilities:US:Chase:Slate                       -42.34 USD
  Expenses:Food:Restaurant                          42.34 USD

2015-06-05 * "Kin Soy" "Eating out after work"
  Liabilities:US:Chase:Slate                       -46.99 USD
  Expenses:Food:Restaurant                          46.99 USD

2015-06-09 * "Jewel of Morroco" "Eating out with Julie"
  Liabilities:US:Chase:Slate                       -30.96 USD
  Expenses:Food:Restaurant                          30.96 USD

2015-06-11 * "Chase:Slate" "Paying off credit card"
  Liabilities:US:Chase:Slate                       466.03 USD
  Assets:US:BofA:Checking                         -466.03 USD

2015-06-12 balance Liabilities:US:Chase:Slate     -746.88 USD

2015-06-14 * "Jewel of Morroco" "Eating out with work buddies"
  Liabilities:US:Chase:Slate                       -45.62 USD
  Expenses:Food:Restaurant                          45.62 USD

2015-06-14 * "Farmer Fresh" "Buying groceries"
  Liabilities:US:Chase:Slate                       -47.12 USD
  Expenses:Food:Groceries                           47.12 USD

2015-06-17 * "Goba Goba" "Eating out with Natasha"
  Liabilities:US:Chase:Slate                       -44.73 USD
  Expenses:Food:Restaurant                          44.73 USD

2015-06-22 * "Rose Flower" "Eating out after work"
  Liabilities:US:Chase:Slate                       -23.98 USD
  Expenses:Food:Restaurant                          23.98 USD

2015-06-25 * "Uncle Boons" "Eating out with Bill"
  Liabilities:US:Chase:Slate                       -63.53 USD
  Expenses:Food:Restaurant                          63.53 USD

2015-06-26 * "China Garden" "Eating out after work"
  Liabilities:US:Chase:Slate                       -16.82 USD
  Expenses:Food:Restaurant                          16.82 USD

2015-06-28 * "Good Moods Market" "Buying groceries"
  Liabilities:US:Chase:Slate                       -61.51 USD
  Expenses:Food:Groceries                           61.51 USD

2015-06-30 * "Uncle Boons" "Eating out with Natasha"
  Liabilities:US:Chase:Slate                       -24.16 USD
  Expenses:Food:Restaurant                          24.16 USD

2015-07-02 * "Rose Flower" "Eating out with Julie"
  Liabilities:US:Chase:Slate                       -31.27 USD
  Expenses:Food:Restaurant                          31.27 USD

2015-07-02 * "Metro Transport Authority" "Tram tickets"
  Liabilities:US:Chase:Slate                      -120.00 USD
  Expenses:Transport:Tram                          120.00 USD

2015-07-04 balance Liabilities:US:Chase:Slate    -1225.62 USD

2015-07-07 * "Cafe Modagor" "Eating out with work buddies"
  Liabilities:US:Chase:Slate                       -38.97 USD
  Expenses:Food:Restaurant                          38.97 USD

2015-07-10 * "Chase:Slate" "Paying off credit card"
  Liabilities:US:Chase:Slate                       509.17 USD
  Assets:US:BofA:Checking                         -509.17 USD

2015-07-12 * "Kin Soy" "Eating out "
  Liabilities:US:Chase:Slate                       -37.08 USD
  Expenses:Food:Restaurant                          37.08 USD

2015-07-15 * "Goba Goba" "Eating out with Julie"
  Liabilities:US:Chase:Slate                       -27.83 USD
  Expenses:Food:Restaurant                          27.83 USD

2015-07-16 * "Farmer Fresh" "Buying groceries"
  Liabilities:US:Chase:Slate                      -110.74 USD
  Expenses:Food:Groceries                          110.74 USD

2015-07-18 * "Chichipotle" "Eating out with Joe"
  Liabilities:US:Chase:Slate                       -34.41 USD
  Expenses:Food:Restaurant                          34.41 USD

2015-07-19 * "Chichipotle" "Eating out with Joe"
  Liabilities:US:Chase:Slate                       -31.07 USD
  Expenses:Food:Restaurant                          31.07 USD

2015-07-22 * "China Garden" "Eating out alone"
  Liabilities:US:Chase:Slate                       -22.35 USD
  Expenses:Food:Restaurant                          22.35 USD

2015-07-25 * "Cafe Modagor" "Eating out after work"
  Liabilities:US:Chase:Slate                       -41.73 USD
  Expenses:Food:Restaurant                          41.73 USD

2015-07-26 * "Farmer Fresh" "Buying groceries"
  Liabilities:US:Chase:Slate                       -47.47 USD
  Expenses:Food:Groceries                           47.47 USD

2015-07-27 balance Liabilities:US:Chase:Slate    -1108.10 USD

2015-07-27 * "Goba Goba" "Eating out with Natasha"
  Liabilities:US:Chase:Slate                       -14.67 USD
  Expenses:Food:Restaurant                          14.67 USD

2015-07-30 * "Kin Soy" "Eating out with Natasha"
  Liabilities:US:Chase:Slate                       -32.79 USD
  Expenses:Food:Restaurant                          32.79 USD

2015-08-01 * "Uncle Boons" "Eating out with Joe"
  Liabilities:US:Chase:Slate                       -24.46 USD
  Expenses:Food:Restaurant                          24.46 USD

2015-08-01 * "Good Moods Market" "Buying groceries"
  Liabilities:US:Chase:Slate                       -59.41 USD
  Expenses:Food:Groceries                           59.41 USD

2015-08-03 * "Metro Transport Authority" "Tram tickets"
  Liabilities:US:Chase:Slate                      -120.00 USD
  Expenses:Transport:Tram                          120.00 USD

2015-08-06 * "Cafe Modagor" "Eating out "
  Liabilities:US:Chase:Slate                       -38.74 USD
  Expenses:Food:Restaurant                          38.74 USD

2015-08-09 * "Chase:Slate" "Paying off credit card"
  Liabilities:US:Chase:Slate                       629.49 USD
  Assets:US:BofA:Checking                         -629.49 USD

2015-08-10 * "Jewel of Morroco" "Eating out with work buddies"
  Liabilities:US:Chase:Slate                       -23.82 USD
  Expenses:Food:Restaurant                          23.82 USD

2015-08-15 * "Rose Flower" "Eating out alone"
  Liabilities:US:Chase:Slate                       -30.43 USD
  Expenses:Food:Restaurant                          30.43 USD

2015-08-16 * "Farmer Fresh" "Buying groceries"
  Liabilities:US:Chase:Slate                      -106.36 USD
  Expenses:Food:Groceries                          106.36 USD

2015-08-20 * "Rose Flower" "Eating out with Julie"
  Liabilities:US:Chase:Slate                       -35.32 USD
  Expenses:Food:Restaurant                          35.32 USD

2015-08-21 * "Onion Market" "Buying groceries"
  Liabilities:US:Chase:Slate                       -83.34 USD
  Expenses:Food:Groceries                           83.34 USD

2015-08-23 * "Jewel of Morroco" "Eating out with Julie"
  Liabilities:US:Chase:Slate                       -15.86 USD
  Expenses:Food:Restaurant                          15.86 USD

2015-08-24 balance Liabilities:US:Chase:Slate    -1063.81 USD

2015-08-28 * "Goba Goba" "Eating out with Joe"
  Liabilities:US:Chase:Slate                       -13.28 USD
  Expenses:Food:Restaurant                          13.28 USD

2015-08-31 * "Kin Soy" "Eating out with work buddies"
  Liabilities:US:Chase:Slate                       -27.93 USD
  Expenses:Food:Restaurant                          27.93 USD

2015-09-01 * "Metro Transport Authority" "Tram tickets"
  Liabilities:US:Chase:Slate                      -120.00 USD
  Expenses:Transport:Tram                          120.00 USD

2015-09-02 * "Good Moods Market" "Buying groceries"
  Liabilities:US:Chase:Slate                      -102.81 USD
  Expenses:Food:Groceries                          102.81 USD

2015-09-04 * "China Garden" "Eating out "
  Liabilities:US:Chase:Slate                       -22.00 USD
  Expenses:Food:Restaurant                          22.00 USD

2015-09-08 * "Chichipotle" "Eating out after work"
  Liabilities:US:Chase:Slate                       -43.60 USD
  Expenses:Food:Restaurant                          43.60 USD

2015-09-10 * "Chase:Slate" "Paying off credit card"
  Liabilities:US:Chase:Slate                       638.35 USD
  Assets:US:BofA:Checking                         -638.35 USD

2015-09-13 * "Goba Goba" "Eating out with Natasha"
  Liabilities:US:Chase:Slate                       -37.42 USD
  Expenses:Food:Restaurant                          37.42 USD

2015-09-14 * "Chichipotle" "Eating out with Natasha"
  Liabilities:US:Chase:Slate                       -14.18 USD
  Expenses:Food:Restaurant                          14.18 USD

2015-09-15 * "Good Moods Market" "Buying groceries"
  Liabilities:US:Chase:Slate                      -109.90 USD
  Expenses:Food:Groceries                          109.90 USD

2015-09-17 * "Cafe Modagor" "Eating out with Julie"
  Liabilities:US:Chase:Slate                       -24.93 USD
  Expenses:Food:Restaurant                          24.93 USD

2015-09-21 balance Liabilities:US:Chase:Slate     -941.51 USD

2015-09-21 * "China Garden" "Eating out with work buddies"
  Liabilities:US:Chase:Slate                       -24.37 USD
  Expenses:Food:Restaurant                          24.37 USD

2015-09-23 * "China Garden" "Eating out "
  Liabilities:US:Chase:Slate                       -22.84 USD
  Expenses:Food:Restaurant                          22.84 USD

2015-09-25 * "Farmer Fresh" "Buying groceries"
  Liabilities:US:Chase:Slate                      -124.26 USD
  Expenses:Food:Groceries                          124.26 USD

2015-09-27 * "Chichipotle" "Eating out after work"
  Liabilities:US:Chase:Slate                       -28.69 USD
  Expenses:Food:Restaurant                          28.69 USD

2015-10-02 * "Goba Goba" "Eating out with work buddies"
  Liabilities:US:Chase:Slate                       -28.82 USD
  Expenses:Food:Restaurant                          28.82 USD

2015-10-03 * "Jewel of Morroco" "Eating out with Bill"
  Liabilities:US:Chase:Slate                       -14.34 USD
  Expenses:Food:Restaurant                          14.34 USD

2015-10-04 * "Metro Transport Authority" "Tram tickets"
  Liabilities:US:Chase:Slate                      -120.00 USD
  Expenses:Transport:Tram                          120.00 USD

2015-10-08 * "Jewel of Morroco" "Eating out with Joe"
  Liabilities:US:Chase:Slate                       -11.34 USD
  Expenses:Food:Restaurant                          11.34 USD

2015-10-08 * "Chase:Slate" "Paying off credit card"
  Liabilities:US:Chase:Slate                       523.67 USD
  Assets:US:BofA:Checking                         -523.67 USD

2015-10-13 * "Chichipotle" "Eating out with Bill"
  Liabilities:US:Chase:Slate                       -29.03 USD
  Expenses:Food:Restaurant                          29.03 USD

2015-10-14 balance Liabilities:US:Chase:Slate     -821.53 USD

2015-10-15 * "Onion Market" "Buying groceries"
  Liabilities:US:Chase:Slate                       -75.75 USD
  Expenses:Food:Groceries                           75.75 USD

2015-10-17 * "Jewel of Morroco" "Eating out with Julie"
  Liabilities:US:Chase:Slate                       -33.89 USD
  Expenses:Food:Restaurant                          33.89 USD

2015-10-20 * "Rose Flower" "Eating out alone"
  Liabilities:US:Chase:Slate                       -34.46 USD
  Expenses:Food:Restaurant                          34.46 USD

2015-10-21 * "Jewel of Morroco" "Eating out with work buddies"
  Liabilities:US:Chase:Slate                       -33.66 USD
  Expenses:Food:Restaurant                          33.66 USD

2015-10-25 * "Uncle Boons" "Eating out with Joe"
  Liabilities:US:Chase:Slate                       -47.92 USD
  Expenses:Food:Restaurant                          47.92 USD

2015-10-27 * "Jewel of Morroco" "Eating out "
  Liabilities:US:Chase:Slate                       -21.58 USD
  Expenses:Food:Restaurant                          21.58 USD

2015-11-01 * "Uncle Boons" "Eating out with Joe"
  Liabilities:US:Chase:Slate                       -23.63 USD
  Expenses:Food:Restaurant                          23.63 USD

2015-11-02 * "Rose Flower" "Eating out alone"
  Liabilities:US:Chase:Slate                       -26.21 USD
  Expenses:Food:Restaurant                          26.21 USD

2015-11-03 balance Liabilities:US:Chase:Slate    -1118.63 USD

2015-11-03 * "Good Moods Market" "Buying groceries"
  Liabilities:US:Chase:Slate                       -94.83 USD
  Expenses:Food:Groceries                           94.83 USD

2015-11-05 * "Metro Transport Authority" "Tram tickets"
  Liabilities:US:Chase:Slate                      -120.00 USD
  Expenses:Transport:Tram                          120.00 USD

2015-11-07 * "Rose Flower" "Eating out alone"
  Liabilities:US:Chase:Slate                       -19.25 USD
  Expenses:Food:Restaurant                          19.25 USD

2015-11-08 * "Chase:Slate" "Paying off credit card"
  Liabilities:US:Chase:Slate                       609.48 USD
  Assets:US:BofA:Checking                         -609.48 USD

2015-11-10 * "China Garden" "Eating out alone"
  Liabilities:US:Chase:Slate                       -49.27 USD
  Expenses:Food:Restaurant                          49.27 USD

2015-11-15 * "Uncle Boons" "Eating out with Bill"
  Liabilities:US:Chase:Slate                       -68.58 USD
  Expenses:Food:Restaurant                          68.58 USD

2015-11-20 * "Chichipotle" "Eating out "
  Liabilities:US:Chase:Slate                       -55.88 USD
  Expenses:Food:Restaurant                          55.88 USD

2015-11-22 * "Uncle Boons" "Eating out with Natasha"
  Liabilities:US:Chase:Slate                       -44.34 USD
  Expenses:Food:Restaurant                          44.34 USD

2015-11-23 * "Farmer Fresh" "Buying groceries"
  Liabilities:US:Chase:Slate                       -97.64 USD
  Expenses:Food:Groceries                           97.64 USD

2015-11-27 * "Uncle Boons" "Eating out with Bill"
  Liabilities:US:Chase:Slate                       -40.93 USD
  Expenses:Food:Restaurant                          40.93 USD

2015-12-02 balance Liabilities:US:Chase:Slate    -1099.87 USD

2015-12-02 * "Kin Soy" "Eating out after work"
  Liabilities:US:Chase:Slate                       -16.39 USD
  Expenses:Food:Restaurant                          16.39 USD

2015-12-03 * "Metro Transport Authority" "Tram tickets"
  Liabilities:US:Chase:Slate                      -120.00 USD
  Expenses:Transport:Tram                          120.00 USD

2015-12-04 * "Onion Market" "Buying groceries"
  Liabilities:US:Chase:Slate                       -78.05 USD
  Expenses:Food:Groceries                           78.05 USD

2015-12-06 * "Chichipotle" "Eating out with work buddies"
  Liabilities:US:Chase:Slate                       -53.93 USD
  Expenses:Food:Restaurant                          53.93 USD

2015-12-07 * "Chase:Slate" "Paying off credit card"
  Liabilities:US:Chase:Slate                       612.32 USD
  Assets:US:BofA:Checking                         -612.32 USD

2015-12-11 * "Uncle Boons" "Eating out with Natasha"
  Liabilities:US:Chase:Slate                       -36.58 USD
  Expenses:Food:Restaurant                          36.58 USD

2015-12-12 * "Rose Flower" "Eating out with Natasha"
  Liabilities:US:Chase:Slate                       -22.09 USD
  Expenses:Food:Restaurant                          22.09 USD

2015-12-16 * "Uncle Boons" "Eating out alone"
  Liabilities:US:Chase:Slate                       -29.35 USD
  Expenses:Food:Restaurant                          29.35 USD

2015-12-17 * "Cafe Modagor" "Eating out with work buddies"
  Liabilities:US:Chase:Slate                       -35.44 USD
  Expenses:Food:Restaurant                          35.44 USD

2015-12-20 * "Jewel of Morroco" "Eating out with Joe"
  Liabilities:US:Chase:Slate                       -34.45 USD
  Expenses:Food:Restaurant                          34.45 USD

2015-12-22 * "Corner Deli" "Buying groceries"
  Liabilities:US:Chase:Slate                       -56.28 USD
  Expenses:Food:Groceries                           56.28 USD

2015-12-23 * "Rose Flower" "Eating out "
  Liabilities:US:Chase:Slate                       -31.79 USD
  Expenses:Food:Restaurant                          31.79 USD

2015-12-25 balance Liabilities:US:Chase:Slate    -1001.90 USD

2015-12-26 * "China Garden" "Eating out with work buddies"
  Liabilities:US:Chase:Slate                       -33.22 USD
  Expenses:Food:Restaurant                          33.22 USD

2015-12-30 * "Rose Flower" "Eating out alone"
  Liabilities:US:Chase:Slate                       -36.33 USD
  Expenses:Food:Restaurant                          36.33 USD

2015-12-31 * "Cafe Modagor" "Eating out with Natasha"
  Liabilities:US:Chase:Slate                       -60.27 USD
  Expenses:Food:Restaurant                          60.27 USD

2015-12-31 * "Onion Market" "Buying groceries"
  Liabilities:US:Chase:Slate                      -103.42 USD
  Expenses:Food:Groceries                          103.42 USD

2016-01-03 * "Metro Transport Authority" "Tram tickets"
  Liabilities:US:Chase:Slate                      -120.00 USD
  Expenses:Transport:Tram                          120.00 USD

2016-01-04 * "Uncle Boons" "Eating out with work buddies"
  Liabilities:US:Chase:Slate                       -22.01 USD
  Expenses:Food:Restaurant                          22.01 USD

2016-01-07 * "Jewel of Morroco" "Eating out with Julie"
  Liabilities:US:Chase:Slate                       -35.10 USD
  Expenses:Food:Restaurant                          35.10 USD

2016-01-09 * "Cafe Modagor" "Eating out with Julie"
  Liabilities:US:Chase:Slate                       -29.46 USD
  Expenses:Food:Restaurant                          29.46 USD

2016-01-09 * "Chase:Slate" "Paying off credit card"
  Liabilities:US:Chase:Slate                       649.21 USD
  Assets:US:BofA:Checking                         -649.21 USD

2016-01-13 * "Cafe Modagor" "Eating out alone"
  Liabilities:US:Chase:Slate                       -23.41 USD
  Expenses:Food:Restaurant                          23.41 USD

2016-01-14 balance Liabilities:US:Chase:Slate     -815.91 USD

2016-01-17 * "Jewel of Morroco" "Eating out with Bill"
  Liabilities:US:Chase:Slate                       -12.63 USD
  Expenses:Food:Restaurant                          12.63 USD

2016-01-18 * "China Garden" "Eating out after work"
  Liabilities:US:Chase:Slate                       -33.77 USD
  Expenses:Food:Restaurant                          33.77 USD

2016-01-20 * "Farmer Fresh" "Buying groceries"
  Liabilities:US:Chase:Slate                      -106.39 USD
  Expenses:Food:Groceries                          106.39 USD

2016-01-21 * "Chichipotle" "Eating out with work buddies"
  Liabilities:US:Chase:Slate                       -14.65 USD
  Expenses:Food:Restaurant                          14.65 USD

2016-01-25 * "Rose Flower" "Eating out with Bill"
  Liabilities:US:Chase:Slate                       -35.59 USD
  Expenses:Food:Restaurant                          35.59 USD

2016-01-30 * "Cafe Modagor" "Eating out alone"
  Liabilities:US:Chase:Slate                       -30.17 USD
  Expenses:Food:Restaurant                          30.17 USD

2016-02-01 * "Rose Flower" "Eating out with Joe"
  Liabilities:US:Chase:Slate                       -41.10 USD
  Expenses:Food:Restaurant                          41.10 USD

2016-02-03 * "Kin Soy" "Eating out alone"
  Liabilities:US:Chase:Slate                       -43.59 USD
  Expenses:Food:Restaurant                          43.59 USD

2016-02-04 * "Metro Transport Authority" "Tram tickets"
  Liabilities:US:Chase:Slate                      -120.00 USD
  Expenses:Transport:Tram                          120.00 USD

2016-02-05 balance Liabilities:US:Chase:Slate    -1253.80 USD

2016-02-06 * "Chichipotle" "Eating out "
  Liabilities:US:Chase:Slate                        -8.57 USD
  Expenses:Food:Restaurant                           8.57 USD

2016-02-07 * "Corner Deli" "Buying groceries"
  Liabilities:US:Chase:Slate                       -49.04 USD
  Expenses:Food:Groceries                           49.04 USD

2016-02-07 * "Chase:Slate" "Paying off credit card"
  Liabilities:US:Chase:Slate                       518.91 USD
  Assets:US:BofA:Checking                         -518.91 USD

2016-02-10 * "Jewel of Morroco" "Eating out after work"
  Liabilities:US:Chase:Slate                       -25.90 USD
  Expenses:Food:Restaurant                          25.90 USD

2016-02-12 * "Goba Goba" "Eating out with work buddies"
  Liabilities:US:Chase:Slate                       -39.82 USD
  Expenses:Food:Restaurant                          39.82 USD

2016-02-15 * "China Garden" "Eating out with Bill"
  Liabilities:US:Chase:Slate                       -20.98 USD
  Expenses:Food:Restaurant                          20.98 USD

2016-02-19 * "Kin Soy" "Eating out with work buddies"
  Liabilities:US:Chase:Slate                       -18.07 USD
  Expenses:Food:Restaurant                          18.07 USD

2016-02-22 * "Corner Deli" "Buying groceries"
  Liabilities:US:Chase:Slate                       -85.51 USD
  Expenses:Food:Groceries                           85.51 USD

2016-02-23 * "Kin Soy" "Eating out with Natasha"
  Liabilities:US:Chase:Slate                       -13.52 USD
  Expenses:Food:Restaurant                          13.52 USD

2016-02-26 * "Rose Flower" "Eating out after work"
  Liabilities:US:Chase:Slate                       -28.06 USD
  Expenses:Food:Restaurant                          28.06 USD

2016-02-27 * "China Garden" "Eating out with Julie"
  Liabilities:US:Chase:Slate                       -56.23 USD
  Expenses:Food:Restaurant                          56.23 USD

2016-02-28 * "Goba Goba" "Eating out "
  Liabilities:US:Chase:Slate                       -26.23 USD
  Expenses:Food:Restaurant                          26.23 USD

2016-02-29 balance Liabilities:US:Chase:Slate    -1106.82 USD

2016-03-01 * "Uncle Boons" "Eating out with Julie"
  Liabilities:US:Chase:Slate                       -37.29 USD
  Expenses:Food:Restaurant                          37.29 USD

2016-03-04 * "Metro Transport Authority" "Tram tickets"
  Liabilities:US:Chase:Slate                      -120.00 USD
  Expenses:Transport:Tram                          120.00 USD

2016-03-06 * "Rose Flower" "Eating out "
  Liabilities:US:Chase:Slate                       -31.38 USD
  Expenses:Food:Restaurant                          31.38 USD

2016-03-06 * "Corner Deli" "Buying groceries"
  Liabilities:US:Chase:Slate                       -90.13 USD
  Expenses:Food:Groceries                           90.13 USD

2016-03-10 * "Chase:Slate" "Paying off credit card"
  Liabilities:US:Chase:Slate                       613.56 USD
  Assets:US:BofA:Checking                         -613.56 USD

2016-03-11 * "China Garden" "Eating out with Bill"
  Liabilities:US:Chase:Slate                       -20.44 USD
  Expenses:Food:Restaurant                          20.44 USD

2016-03-15 * "Chichipotle" "Eating out alone"
  Liabilities:US:Chase:Slate                       -36.26 USD
  Expenses:Food:Restaurant                          36.26 USD

2016-03-18 * "Corner Deli" "Buying groceries"
  Liabilities:US:Chase:Slate                       -90.14 USD
  Expenses:Food:Groceries                           90.14 USD

2016-03-19 * "Chichipotle" "Eating out with Bill"
  Liabilities:US:Chase:Slate                       -36.07 USD
  Expenses:Food:Restaurant                          36.07 USD

2016-03-20 * "Kin Soy" "Eating out "
  Liabilities:US:Chase:Slate                       -14.41 USD
  Expenses:Food:Restaurant                          14.41 USD

2016-03-25 * "Goba Goba" "Eating out with Joe"
  Liabilities:US:Chase:Slate                       -31.47 USD
  Expenses:Food:Restaurant                          31.47 USD

2016-03-26 * "Jewel of Morroco" "Eating out with Bill"
  Liabilities:US:Chase:Slate                       -40.82 USD
  Expenses:Food:Restaurant                          40.82 USD

2016-03-30 balance Liabilities:US:Chase:Slate    -1041.67 USD

2016-03-31 * "Chichipotle" "Eating out with Bill"
  Liabilities:US:Chase:Slate                       -20.66 USD
  Expenses:Food:Restaurant                          20.66 USD

2016-04-02 * "Good Moods Market" "Buying groceries"
  Liabilities:US:Chase:Slate                       -99.43 USD
  Expenses:Food:Groceries                           99.43 USD

2016-04-03 * "Chichipotle" "Eating out with Julie"
  Liabilities:US:Chase:Slate                       -43.84 USD
  Expenses:Food:Restaurant                          43.84 USD

2016-04-04 * "Metro Transport Authority" "Tram tickets"
  Liabilities:US:Chase:Slate                      -120.00 USD
  Expenses:Transport:Tram                          120.00 USD

2016-04-06 * "China Garden" "Eating out "
  Liabilities:US:Chase:Slate                       -24.84 USD
  Expenses:Food:Restaurant                          24.84 USD

2016-04-07 * "Chase:Slate" "Paying off credit card"
  Liabilities:US:Chase:Slate                       593.38 USD
  Assets:US:BofA:Checking                         -593.38 USD

2016-04-08 * "Goba Goba" "Eating out alone"
  Liabilities:US:Chase:Slate                       -35.44 USD
  Expenses:Food:Restaurant                          35.44 USD

2016-04-13 * "Uncle Boons" "Eating out with Bill"
  Liabilities:US:Chase:Slate                       -31.59 USD
  Expenses:Food:Restaurant                          31.59 USD

2016-04-15 * "Uncle Boons" "Eating out with Julie"
  Liabilities:US:Chase:Slate                       -39.60 USD
  Expenses:Food:Restaurant                          39.60 USD

2016-04-17 * "Goba Goba" "Eating out with Julie"
  Liabilities:US:Chase:Slate                       -24.81 USD
  Expenses:Food:Restaurant                          24.81 USD

2016-04-18 * "Onion Market" "Buying groceries"
  Liabilities:US:Chase:Slate                       -83.02 USD
  Expenses:Food:Groceries                           83.02 USD

2016-04-21 * "China Garden" "Eating out after work"
  Liabilities:US:Chase:Slate                       -66.27 USD
  Expenses:Food:Restaurant                          66.27 USD

2016-04-24 balance Liabilities:US:Chase:Slate    -1037.79 USD

2016-04-25 * "Chichipotle" "Eating out with Julie"
  Liabilities:US:Chase:Slate                       -38.05 USD
  Expenses:Food:Restaurant                          38.05 USD

2016-04-30 * "Kin Soy" "Eating out after work"
  Liabilities:US:Chase:Slate                       -18.35 USD
  Expenses:Food:Restaurant                          18.35 USD

;; 2016-05-03 * "Metro Transport Authority" "Tram tickets"
;;   Liabilities:US:Chase:Slate                      -120.00 USD
;;   Expenses:Transport:Tram                          120.00 USD
;; 
;; 2016-05-04 * "Corner Deli" "Buying groceries"
;;   Liabilities:US:Chase:Slate                       -71.88 USD
;;   Expenses:Food:Groceries                           71.88 USD
;; 
;; 2016-05-05 * "Kin Soy" "Eating out with Bill"
;;   Liabilities:US:Chase:Slate                       -34.35 USD
;;   Expenses:Food:Restaurant                          34.35 USD
;; 
;; 2016-05-07 * "China Garden" "Eating out with Joe"
;;   Liabilities:US:Chase:Slate                       -51.64 USD
;;   Expenses:Food:Restaurant                          51.64 USD
;; 
;; 2016-05-09 * "Kin Soy" "Eating out with Joe"
;;   Liabilities:US:Chase:Slate                       -29.27 USD
;;   Expenses:Food:Restaurant                          29.27 USD



* Taxable Investments

2014-01-01 open Assets:US:ETrade:Cash                       USD
2014-01-01 open Assets:US:ETrade:ITOT                       ITOT
2014-01-01 open Assets:US:ETrade:VEA                       VEA
2014-01-01 open Assets:US:ETrade:VHT                       VHT
2014-01-01 open Assets:US:ETrade:GLD                       GLD
2014-01-01 open Income:US:ETrade:Gains                      USD
2014-01-01 open Income:US:ETrade:Dividends                  USD

2014-09-18 * "Dividends on portfolio"
  Assets:US:ETrade:Cash                              0.00 USD
  Income:US:ETrade:Dividends                         0.00 USD

2014-10-12 * "Buy shares of GLD"
  Assets:US:ETrade:Cash                          -4401.72 USD             
  Assets:US:ETrade:GLD                                 71 GLD {61.87 USD}
  Expenses:Financial:Commissions                     8.95 USD             

2014-10-24 * "Sell shares of GLD"
  Assets:US:ETrade:GLD                                -71 GLD {61.87 USD} @ 60.79 USD
  Assets:US:ETrade:Cash                           4307.14 USD                         
  Expenses:Financial:Commissions                     8.95 USD                         
  Income:US:ETrade:Gains                            76.68 USD                         

2014-12-12 * "Buy shares of VHT"
  Assets:US:ETrade:Cash                          -8297.47 USD             
  Assets:US:ETrade:VHT                                102 VHT {81.26 USD}
  Expenses:Financial:Commissions                     8.95 USD             

2014-12-17 * "Dividends on portfolio"
  Assets:US:ETrade:Cash                             50.73 USD
  Income:US:ETrade:Dividends                       -50.73 USD

2015-03-18 * "Dividends on portfolio"
  Assets:US:ETrade:Cash                             50.73 USD
  Income:US:ETrade:Dividends                       -50.73 USD

2015-06-18 * "Sell shares of VHT"
  Assets:US:ETrade:VHT                               -102 VHT {81.26 USD} @ 69.06 USD
  Assets:US:ETrade:Cash                           7035.17 USD                         
  Expenses:Financial:Commissions                     8.95 USD                         
  Income:US:ETrade:Gains                          1244.40 USD                         

2015-06-18 * "Dividends on portfolio"
  Assets:US:ETrade:Cash                             50.73 USD
  Income:US:ETrade:Dividends                       -50.73 USD

2015-06-25 * "Buy shares of GLD"
  Assets:US:ETrade:Cash                          -3459.11 USD             
  Assets:US:ETrade:GLD                                 61 GLD {56.56 USD}
  Expenses:Financial:Commissions                     8.95 USD             

2015-06-25 * "Buy shares of VEA"
  Assets:US:ETrade:Cash                          -3438.02 USD              
  Assets:US:ETrade:VEA                                 17 VEA {201.71 USD}
  Expenses:Financial:Commissions                     8.95 USD              

2015-08-17 * "Sell shares of GLD"
  Assets:US:ETrade:GLD                                -61 GLD {56.56 USD} @ 56.84 USD
  Assets:US:ETrade:Cash                           3458.29 USD                         
  Expenses:Financial:Commissions                     8.95 USD                         
  Income:US:ETrade:Gains                           -17.08 USD                         

2015-09-17 * "Buy shares of GLD"
  Assets:US:ETrade:Cash                          -1661.23 USD             
  Assets:US:ETrade:GLD                                 28 GLD {59.01 USD}
  Expenses:Financial:Commissions                     8.95 USD             

2015-09-17 * "Buy shares of VHT"
  Assets:US:ETrade:Cash                          -1706.70 USD             
  Assets:US:ETrade:VHT                                 25 VHT {67.91 USD}
  Expenses:Financial:Commissions                     8.95 USD             

2015-09-17 * "Buy shares of ITOT"
  Assets:US:ETrade:Cash                          -1677.55 USD             
  Assets:US:ETrade:ITOT                                27 ITOT {61.80 USD}
  Expenses:Financial:Commissions                     8.95 USD             

2015-09-17 * "Buy shares of VEA"
  Assets:US:ETrade:Cash                          -1656.23 USD              
  Assets:US:ETrade:VEA                                  8 VEA {205.91 USD}
  Expenses:Financial:Commissions                     8.95 USD              

2015-09-18 * "Dividends on portfolio"
  Assets:US:ETrade:Cash                            104.91 USD
  Income:US:ETrade:Dividends                      -104.91 USD

2015-10-13 * "Buy shares of VHT"
  Assets:US:ETrade:Cash                          -1081.91 USD             
  Assets:US:ETrade:VHT                                 16 VHT {67.06 USD}
  Expenses:Financial:Commissions                     8.95 USD             

2015-10-13 * "Buy shares of VEA"
  Assets:US:ETrade:Cash                          -1035.20 USD              
  Assets:US:ETrade:VEA                                  5 VEA {205.25 USD}
  Expenses:Financial:Commissions                     8.95 USD              

2015-10-13 * "Buy shares of GLD"
  Assets:US:ETrade:Cash                          -1101.19 USD             
  Assets:US:ETrade:GLD                                 18 GLD {60.68 USD}
  Expenses:Financial:Commissions                     8.95 USD             

2015-10-13 * "Buy shares of ITOT"
  Assets:US:ETrade:Cash                          -1064.82 USD             
  Assets:US:ETrade:ITOT                                17 ITOT {62.11 USD}
  Expenses:Financial:Commissions                     8.95 USD             

2015-12-07 * "Buy shares of VEA"
  Assets:US:ETrade:Cash                           -836.11 USD              
  Assets:US:ETrade:VEA                                  4 VEA {206.79 USD}
  Expenses:Financial:Commissions                     8.95 USD              

2015-12-07 * "Buy shares of ITOT"
  Assets:US:ETrade:Cash                           -984.31 USD             
  Assets:US:ETrade:ITOT                                16 ITOT {60.96 USD}
  Expenses:Financial:Commissions                     8.95 USD             

2015-12-07 * "Buy shares of VHT"
  Assets:US:ETrade:Cash                           -956.19 USD             
  Assets:US:ETrade:VHT                                 14 VHT {67.66 USD}
  Expenses:Financial:Commissions                     8.95 USD             

2015-12-07 * "Buy shares of GLD"
  Assets:US:ETrade:Cash                           -964.31 USD             
  Assets:US:ETrade:GLD                                 16 GLD {59.71 USD}
  Expenses:Financial:Commissions                     8.95 USD             

2015-12-17 * "Dividends on portfolio"
  Assets:US:ETrade:Cash                            136.72 USD
  Income:US:ETrade:Dividends                      -136.72 USD

2016-02-01 * "Sell shares of GLD"
  Assets:US:ETrade:GLD                                -18 GLD {60.68 USD} @ 58.48 USD
  Assets:US:ETrade:Cash                           1043.69 USD                         
  Expenses:Financial:Commissions                     8.95 USD                         
  Income:US:ETrade:Gains                            39.60 USD                         

2016-03-02 * "Buy shares of ITOT"
  Assets:US:ETrade:Cash                          -1470.55 USD             
  Assets:US:ETrade:ITOT                                24 ITOT {60.90 USD}
  Expenses:Financial:Commissions                     8.95 USD             

2016-03-17 * "Dividends on portfolio"
  Assets:US:ETrade:Cash                            142.56 USD
  Income:US:ETrade:Dividends                      -142.56 USD

2016-03-21 * "Sell shares of ITOT"
  Assets:US:ETrade:ITOT                               -27 ITOT {61.80 USD} @ 61.26 USD
  Assets:US:ETrade:Cash                           1645.07 USD                         
  Expenses:Financial:Commissions                     8.95 USD                         
  Income:US:ETrade:Gains                            14.58 USD                         

2016-03-26 * "Buy shares of VHT"
  Assets:US:ETrade:Cash                           -442.75 USD             
  Assets:US:ETrade:VHT                                  6 VHT {72.30 USD}
  Expenses:Financial:Commissions                     8.95 USD             

2016-03-26 * "Buy shares of VEA"
  Assets:US:ETrade:Cash                           -426.09 USD              
  Assets:US:ETrade:VEA                                  2 VEA {208.57 USD}
  Expenses:Financial:Commissions                     8.95 USD              

2016-03-26 * "Buy shares of ITOT"
  Assets:US:ETrade:Cash                           -498.23 USD             
  Assets:US:ETrade:ITOT                                 8 ITOT {61.16 USD}
  Expenses:Financial:Commissions                     8.95 USD             

;; 2016-05-07 * "Buy shares of ITOT"
;;   Assets:US:ETrade:Cash                          -1373.61 USD             
;;   Assets:US:ETrade:ITOT                                22 ITOT {62.03 USD}
;;   Expenses:Financial:Commissions                     8.95 USD             
;; 
;; 2016-05-07 * "Buy shares of VEA"
;;   Assets:US:ETrade:Cash                          -1292.11 USD              
;;   Assets:US:ETrade:VEA                                  6 VEA {213.86 USD}
;;   Expenses:Financial:Commissions                     8.95 USD              
;; 
;; 2016-05-07 * "Buy shares of VHT"
;;   Assets:US:ETrade:Cash                          -1399.78 USD             
;;   Assets:US:ETrade:VHT                                 21 VHT {66.23 USD}
;;   Expenses:Financial:Commissions                     8.95 USD             



* Vanguard Investments

2014-01-01 open Assets:US:Vanguard:VBMPX                     VBMPX
  number: "882882"
2014-01-01 open Assets:US:Vanguard:RGAGX                     RGAGX
  number: "882882"
2014-01-01 open Assets:US:Vanguard                            USD
  address: "P.O. Box 1110, Valley Forge, PA 19482-1110"
  institution: "Vanguard Group"
  phone: "+1.800.523.1188"
2014-01-01 open Income:US:Hoogle:Match401k                   USD
2014-01-01 open Assets:US:Vanguard:Cash                       USD
  number: "882882"

2014-01-03 * "Employer match for contribution"
  Assets:US:Vanguard:Cash                          600.00 USD
  Income:US:Hoogle:Match401k                      -600.00 USD

2014-01-06 * "Investing 40% of cash in VBMPX"
  Assets:US:Vanguard:VBMPX                          6.178 VBMPX {77.69 USD}
  Assets:US:Vanguard:Cash                         -479.97 USD               

2014-01-06 * "Investing 60% of cash in RGAGX"
  Assets:US:Vanguard:RGAGX                          5.605 RGAGX {128.46 USD}
  Assets:US:Vanguard:Cash                         -720.02 USD                

2014-01-06 * "Investing 40% of cash in VBMPX"
  Assets:US:Vanguard:VBMPX                          3.089 VBMPX {77.69 USD}
  Assets:US:Vanguard:Cash                         -239.98 USD               

2014-01-06 * "Investing 60% of cash in RGAGX"
  Assets:US:Vanguard:RGAGX                          2.802 RGAGX {128.46 USD}
  Assets:US:Vanguard:Cash                         -359.94 USD                

2014-01-17 * "Employer match for contribution"
  Assets:US:Vanguard:Cash                          600.00 USD
  Income:US:Hoogle:Match401k                      -600.00 USD

2014-01-20 * "Investing 40% of cash in VBMPX"
  Assets:US:Vanguard:VBMPX                          6.068 VBMPX {79.11 USD}
  Assets:US:Vanguard:Cash                         -480.04 USD               

2014-01-20 * "Investing 60% of cash in RGAGX"
  Assets:US:Vanguard:RGAGX                          5.498 RGAGX {130.97 USD}
  Assets:US:Vanguard:Cash                         -720.07 USD                

2014-01-20 * "Investing 40% of cash in VBMPX"
  Assets:US:Vanguard:VBMPX                          3.034 VBMPX {79.11 USD}
  Assets:US:Vanguard:Cash                         -240.02 USD               

2014-01-20 * "Investing 60% of cash in RGAGX"
  Assets:US:Vanguard:RGAGX                          2.749 RGAGX {130.97 USD}
  Assets:US:Vanguard:Cash                         -360.04 USD                

2014-01-31 * "Employer match for contribution"
  Assets:US:Vanguard:Cash                          600.00 USD
  Income:US:Hoogle:Match401k                      -600.00 USD

2014-02-03 * "Investing 40% of cash in VBMPX"
  Assets:US:Vanguard:VBMPX                          5.991 VBMPX {80.12 USD}
  Assets:US:Vanguard:Cash                         -480.00 USD               

2014-02-03 * "Investing 60% of cash in RGAGX"
  Assets:US:Vanguard:RGAGX                          5.519 RGAGX {130.45 USD}
  Assets:US:Vanguard:Cash                         -719.95 USD                

2014-02-03 * "Investing 40% of cash in VBMPX"
  Assets:US:Vanguard:VBMPX                          2.995 VBMPX {80.12 USD}
  Assets:US:Vanguard:Cash                         -239.96 USD               

2014-02-03 * "Investing 60% of cash in RGAGX"
  Assets:US:Vanguard:RGAGX                          2.760 RGAGX {130.45 USD}
  Assets:US:Vanguard:Cash                         -360.04 USD                

2014-02-14 * "Employer match for contribution"
  Assets:US:Vanguard:Cash                          600.00 USD
  Income:US:Hoogle:Match401k                      -600.00 USD

2014-02-17 * "Investing 40% of cash in VBMPX"
  Assets:US:Vanguard:VBMPX                          5.938 VBMPX {80.84 USD}
  Assets:US:Vanguard:Cash                         -480.03 USD               

2014-02-17 * "Investing 60% of cash in RGAGX"
  Assets:US:Vanguard:RGAGX                          5.535 RGAGX {130.07 USD}
  Assets:US:Vanguard:Cash                         -719.94 USD                

2014-02-17 * "Investing 40% of cash in VBMPX"
  Assets:US:Vanguard:VBMPX                          2.969 VBMPX {80.84 USD}
  Assets:US:Vanguard:Cash                         -240.01 USD               

2014-02-17 * "Investing 60% of cash in RGAGX"
  Assets:US:Vanguard:RGAGX                          2.768 RGAGX {130.07 USD}
  Assets:US:Vanguard:Cash                         -360.03 USD                

2014-02-28 * "Employer match for contribution"
  Assets:US:Vanguard:Cash                          600.00 USD
  Income:US:Hoogle:Match401k                      -600.00 USD

2014-03-03 * "Investing 40% of cash in VBMPX"
  Assets:US:Vanguard:VBMPX                          5.943 VBMPX {80.76 USD}
  Assets:US:Vanguard:Cash                         -479.96 USD               

2014-03-03 * "Investing 60% of cash in RGAGX"
  Assets:US:Vanguard:RGAGX                          5.515 RGAGX {130.54 USD}
  Assets:US:Vanguard:Cash                         -719.93 USD                

2014-03-03 * "Investing 40% of cash in VBMPX"
  Assets:US:Vanguard:VBMPX                          2.972 VBMPX {80.76 USD}
  Assets:US:Vanguard:Cash                         -240.02 USD               

2014-03-03 * "Investing 60% of cash in RGAGX"
  Assets:US:Vanguard:RGAGX                          2.758 RGAGX {130.54 USD}
  Assets:US:Vanguard:Cash                         -360.03 USD                

2014-03-14 * "Employer match for contribution"
  Assets:US:Vanguard:Cash                          600.00 USD
  Income:US:Hoogle:Match401k                      -600.00 USD

2014-03-17 * "Investing 40% of cash in VBMPX"
  Assets:US:Vanguard:VBMPX                          6.017 VBMPX {79.78 USD}
  Assets:US:Vanguard:Cash                         -480.04 USD               

2014-03-17 * "Investing 60% of cash in RGAGX"
  Assets:US:Vanguard:RGAGX                          5.566 RGAGX {129.37 USD}
  Assets:US:Vanguard:Cash                         -720.07 USD                

2014-03-17 * "Investing 40% of cash in VBMPX"
  Assets:US:Vanguard:VBMPX                          3.008 VBMPX {79.78 USD}
  Assets:US:Vanguard:Cash                         -239.98 USD               

2014-03-17 * "Investing 60% of cash in RGAGX"
  Assets:US:Vanguard:RGAGX                          2.782 RGAGX {129.37 USD}
  Assets:US:Vanguard:Cash                         -359.91 USD                

2014-03-28 * "Employer match for contribution"
  Assets:US:Vanguard:Cash                          600.00 USD
  Income:US:Hoogle:Match401k                      -600.00 USD

2014-03-31 * "Investing 40% of cash in VBMPX"
  Assets:US:Vanguard:VBMPX                          5.974 VBMPX {80.35 USD}
  Assets:US:Vanguard:Cash                         -480.01 USD               

2014-03-31 * "Investing 60% of cash in RGAGX"
  Assets:US:Vanguard:RGAGX                          5.612 RGAGX {128.31 USD}
  Assets:US:Vanguard:Cash                         -720.08 USD                

2014-03-31 * "Investing 40% of cash in VBMPX"
  Assets:US:Vanguard:VBMPX                          2.987 VBMPX {80.35 USD}
  Assets:US:Vanguard:Cash                         -240.01 USD               

2014-03-31 * "Investing 60% of cash in RGAGX"
  Assets:US:Vanguard:RGAGX                          2.805 RGAGX {128.31 USD}
  Assets:US:Vanguard:Cash                         -359.91 USD                

2014-04-11 * "Employer match for contribution"
  Assets:US:Vanguard:Cash                          600.00 USD
  Income:US:Hoogle:Match401k                      -600.00 USD

2014-04-14 * "Investing 40% of cash in VBMPX"
  Assets:US:Vanguard:VBMPX                          5.930 VBMPX {80.95 USD}
  Assets:US:Vanguard:Cash                         -480.03 USD               

2014-04-14 * "Investing 60% of cash in RGAGX"
  Assets:US:Vanguard:RGAGX                          5.633 RGAGX {127.82 USD}
  Assets:US:Vanguard:Cash                         -720.01 USD                

2014-04-14 * "Investing 40% of cash in VBMPX"
  Assets:US:Vanguard:VBMPX                          2.965 VBMPX {80.95 USD}
  Assets:US:Vanguard:Cash                         -240.02 USD               

2014-04-14 * "Investing 60% of cash in RGAGX"
  Assets:US:Vanguard:RGAGX                          2.816 RGAGX {127.82 USD}
  Assets:US:Vanguard:Cash                         -359.94 USD                

2014-04-25 * "Employer match for contribution"
  Assets:US:Vanguard:Cash                          600.00 USD
  Income:US:Hoogle:Match401k                      -600.00 USD

2014-04-28 * "Investing 40% of cash in VBMPX"
  Assets:US:Vanguard:VBMPX                          5.893 VBMPX {81.46 USD}
  Assets:US:Vanguard:Cash                         -480.04 USD               

2014-04-28 * "Investing 60% of cash in RGAGX"
  Assets:US:Vanguard:RGAGX                          5.606 RGAGX {128.44 USD}
  Assets:US:Vanguard:Cash                         -720.03 USD                

2014-04-28 * "Investing 40% of cash in VBMPX"
  Assets:US:Vanguard:VBMPX                          2.946 VBMPX {81.46 USD}
  Assets:US:Vanguard:Cash                         -239.98 USD               

2014-04-28 * "Investing 60% of cash in RGAGX"
  Assets:US:Vanguard:RGAGX                          2.803 RGAGX {128.44 USD}
  Assets:US:Vanguard:Cash                         -360.02 USD                

2014-05-09 * "Employer match for contribution"
  Assets:US:Vanguard:Cash                          600.00 USD
  Income:US:Hoogle:Match401k                      -600.00 USD

2014-05-12 * "Investing 40% of cash in VBMPX"
  Assets:US:Vanguard:VBMPX                          5.949 VBMPX {80.68 USD}
  Assets:US:Vanguard:Cash                         -479.97 USD               

2014-05-12 * "Investing 60% of cash in RGAGX"
  Assets:US:Vanguard:RGAGX                          5.547 RGAGX {129.79 USD}
  Assets:US:Vanguard:Cash                         -719.95 USD                

2014-05-12 * "Investing 40% of cash in VBMPX"
  Assets:US:Vanguard:VBMPX                          2.975 VBMPX {80.68 USD}
  Assets:US:Vanguard:Cash                         -240.02 USD               

2014-05-12 * "Investing 60% of cash in RGAGX"
  Assets:US:Vanguard:RGAGX                          2.774 RGAGX {129.79 USD}
  Assets:US:Vanguard:Cash                         -360.04 USD                

2014-05-23 * "Employer match for contribution"
  Assets:US:Vanguard:Cash                          600.00 USD
  Income:US:Hoogle:Match401k                      -600.00 USD

2014-05-26 * "Investing 40% of cash in VBMPX"
  Assets:US:Vanguard:VBMPX                          6.003 VBMPX {79.96 USD}
  Assets:US:Vanguard:Cash                         -480.00 USD               

2014-05-26 * "Investing 60% of cash in RGAGX"
  Assets:US:Vanguard:RGAGX                          5.523 RGAGX {130.36 USD}
  Assets:US:Vanguard:Cash                         -719.98 USD                

2014-05-26 * "Investing 40% of cash in VBMPX"
  Assets:US:Vanguard:VBMPX                          3.001 VBMPX {79.96 USD}
  Assets:US:Vanguard:Cash                         -239.96 USD               

2014-05-26 * "Investing 60% of cash in RGAGX"
  Assets:US:Vanguard:RGAGX                          2.761 RGAGX {130.36 USD}
  Assets:US:Vanguard:Cash                         -359.92 USD                

2014-06-06 * "Employer match for contribution"
  Assets:US:Vanguard:Cash                          600.00 USD
  Income:US:Hoogle:Match401k                      -600.00 USD

2014-06-09 * "Investing 40% of cash in VBMPX"
  Assets:US:Vanguard:VBMPX                          5.974 VBMPX {80.36 USD}
  Assets:US:Vanguard:Cash                         -480.07 USD               

2014-06-09 * "Investing 60% of cash in RGAGX"
  Assets:US:Vanguard:RGAGX                          5.528 RGAGX {130.25 USD}
  Assets:US:Vanguard:Cash                         -720.02 USD                

2014-06-09 * "Investing 40% of cash in VBMPX"
  Assets:US:Vanguard:VBMPX                          2.987 VBMPX {80.36 USD}
  Assets:US:Vanguard:Cash                         -240.04 USD               

2014-06-09 * "Investing 60% of cash in RGAGX"
  Assets:US:Vanguard:RGAGX                          2.764 RGAGX {130.25 USD}
  Assets:US:Vanguard:Cash                         -360.01 USD                

2014-06-20 * "Employer match for contribution"
  Assets:US:Vanguard:Cash                          600.00 USD
  Income:US:Hoogle:Match401k                      -600.00 USD

2014-06-23 * "Investing 40% of cash in VBMPX"
  Assets:US:Vanguard:VBMPX                          6.021 VBMPX {79.72 USD}
  Assets:US:Vanguard:Cash                         -479.99 USD               

2014-06-23 * "Investing 60% of cash in RGAGX"
  Assets:US:Vanguard:RGAGX                          5.520 RGAGX {130.43 USD}
  Assets:US:Vanguard:Cash                         -719.97 USD                

2014-06-23 * "Investing 40% of cash in VBMPX"
  Assets:US:Vanguard:VBMPX                          3.011 VBMPX {79.72 USD}
  Assets:US:Vanguard:Cash                         -240.04 USD               

2014-06-23 * "Investing 60% of cash in RGAGX"
  Assets:US:Vanguard:RGAGX                          2.760 RGAGX {130.43 USD}
  Assets:US:Vanguard:Cash                         -359.99 USD                

2014-07-04 * "Employer match for contribution"
  Assets:US:Vanguard:Cash                          600.00 USD
  Income:US:Hoogle:Match401k                      -600.00 USD

2014-07-07 * "Investing 40% of cash in VBMPX"
  Assets:US:Vanguard:VBMPX                          5.947 VBMPX {80.71 USD}
  Assets:US:Vanguard:Cash                         -479.98 USD               

2014-07-07 * "Investing 60% of cash in RGAGX"
  Assets:US:Vanguard:RGAGX                          5.482 RGAGX {131.33 USD}
  Assets:US:Vanguard:Cash                         -719.95 USD                

2014-07-07 * "Investing 40% of cash in VBMPX"
  Assets:US:Vanguard:VBMPX                          2.974 VBMPX {80.71 USD}
  Assets:US:Vanguard:Cash                         -240.03 USD               

2014-07-07 * "Investing 60% of cash in RGAGX"
  Assets:US:Vanguard:RGAGX                          2.741 RGAGX {131.33 USD}
  Assets:US:Vanguard:Cash                         -359.98 USD                

2014-07-18 * "Employer match for contribution"
  Assets:US:Vanguard:Cash                          350.00 USD
  Income:US:Hoogle:Match401k                      -350.00 USD

2014-07-21 * "Investing 40% of cash in VBMPX"
  Assets:US:Vanguard:VBMPX                          3.430 VBMPX {81.63 USD}
  Assets:US:Vanguard:Cash                         -279.99 USD               

2014-07-21 * "Investing 60% of cash in RGAGX"
  Assets:US:Vanguard:RGAGX                          3.197 RGAGX {131.37 USD}
  Assets:US:Vanguard:Cash                         -419.99 USD                

2014-07-21 * "Investing 40% of cash in VBMPX"
  Assets:US:Vanguard:VBMPX                          1.715 VBMPX {81.63 USD}
  Assets:US:Vanguard:Cash                         -140.00 USD               

2014-07-21 * "Investing 60% of cash in RGAGX"
  Assets:US:Vanguard:RGAGX                          1.599 RGAGX {131.37 USD}
  Assets:US:Vanguard:Cash                         -210.06 USD                

2015-01-02 * "Employer match for contribution"
  Assets:US:Vanguard:Cash                          600.00 USD
  Income:US:Hoogle:Match401k                      -600.00 USD

2015-01-05 * "Investing 40% of cash in VBMPX"
  Assets:US:Vanguard:VBMPX                          5.757 VBMPX {83.38 USD}
  Assets:US:Vanguard:Cash                         -480.02 USD               

2015-01-05 * "Investing 60% of cash in RGAGX"
  Assets:US:Vanguard:RGAGX                          5.231 RGAGX {137.63 USD}
  Assets:US:Vanguard:Cash                         -719.94 USD                

2015-01-05 * "Investing 40% of cash in VBMPX"
  Assets:US:Vanguard:VBMPX                          2.879 VBMPX {83.38 USD}
  Assets:US:Vanguard:Cash                         -240.05 USD               

2015-01-05 * "Investing 60% of cash in RGAGX"
  Assets:US:Vanguard:RGAGX                          2.616 RGAGX {137.63 USD}
  Assets:US:Vanguard:Cash                         -360.04 USD                

2015-01-16 * "Employer match for contribution"
  Assets:US:Vanguard:Cash                          600.00 USD
  Income:US:Hoogle:Match401k                      -600.00 USD

2015-01-19 * "Investing 40% of cash in VBMPX"
  Assets:US:Vanguard:VBMPX                          5.761 VBMPX {83.31 USD}
  Assets:US:Vanguard:Cash                         -479.95 USD               

2015-01-19 * "Investing 60% of cash in RGAGX"
  Assets:US:Vanguard:RGAGX                          5.246 RGAGX {137.25 USD}
  Assets:US:Vanguard:Cash                         -720.01 USD                

2015-01-19 * "Investing 40% of cash in VBMPX"
  Assets:US:Vanguard:VBMPX                          2.881 VBMPX {83.31 USD}
  Assets:US:Vanguard:Cash                         -240.02 USD               

2015-01-19 * "Investing 60% of cash in RGAGX"
  Assets:US:Vanguard:RGAGX                          2.623 RGAGX {137.25 USD}
  Assets:US:Vanguard:Cash                         -360.01 USD                

2015-01-30 * "Employer match for contribution"
  Assets:US:Vanguard:Cash                          600.00 USD
  Income:US:Hoogle:Match401k                      -600.00 USD

2015-02-02 * "Investing 40% of cash in VBMPX"
  Assets:US:Vanguard:VBMPX                          5.740 VBMPX {83.62 USD}
  Assets:US:Vanguard:Cash                         -479.98 USD               

2015-02-02 * "Investing 60% of cash in RGAGX"
  Assets:US:Vanguard:RGAGX                          5.202 RGAGX {138.39 USD}
  Assets:US:Vanguard:Cash                         -719.90 USD                

2015-02-02 * "Investing 40% of cash in VBMPX"
  Assets:US:Vanguard:VBMPX                          2.870 VBMPX {83.62 USD}
  Assets:US:Vanguard:Cash                         -239.99 USD               

2015-02-02 * "Investing 60% of cash in RGAGX"
  Assets:US:Vanguard:RGAGX                          2.602 RGAGX {138.39 USD}
  Assets:US:Vanguard:Cash                         -360.09 USD                

2015-02-13 * "Employer match for contribution"
  Assets:US:Vanguard:Cash                          600.00 USD
  Income:US:Hoogle:Match401k                      -600.00 USD

2015-02-16 * "Investing 40% of cash in VBMPX"
  Assets:US:Vanguard:VBMPX                          5.729 VBMPX {83.78 USD}
  Assets:US:Vanguard:Cash                         -479.98 USD               

2015-02-16 * "Investing 60% of cash in RGAGX"
  Assets:US:Vanguard:RGAGX                          5.170 RGAGX {139.26 USD}
  Assets:US:Vanguard:Cash                         -719.97 USD                

2015-02-16 * "Investing 40% of cash in VBMPX"
  Assets:US:Vanguard:VBMPX                          2.865 VBMPX {83.78 USD}
  Assets:US:Vanguard:Cash                         -240.03 USD               

2015-02-16 * "Investing 60% of cash in RGAGX"
  Assets:US:Vanguard:RGAGX                          2.585 RGAGX {139.26 USD}
  Assets:US:Vanguard:Cash                         -359.99 USD                

2015-02-27 * "Employer match for contribution"
  Assets:US:Vanguard:Cash                          600.00 USD
  Income:US:Hoogle:Match401k                      -600.00 USD

2015-03-02 * "Investing 40% of cash in VBMPX"
  Assets:US:Vanguard:VBMPX                          5.787 VBMPX {82.94 USD}
  Assets:US:Vanguard:Cash                         -479.97 USD               

2015-03-02 * "Investing 60% of cash in RGAGX"
  Assets:US:Vanguard:RGAGX                          5.153 RGAGX {139.74 USD}
  Assets:US:Vanguard:Cash                         -720.08 USD                

2015-03-02 * "Investing 40% of cash in VBMPX"
  Assets:US:Vanguard:VBMPX                          2.894 VBMPX {82.94 USD}
  Assets:US:Vanguard:Cash                         -240.03 USD               

2015-03-02 * "Investing 60% of cash in RGAGX"
  Assets:US:Vanguard:RGAGX                          2.576 RGAGX {139.74 USD}
  Assets:US:Vanguard:Cash                         -359.97 USD                

2015-03-13 * "Employer match for contribution"
  Assets:US:Vanguard:Cash                          600.00 USD
  Income:US:Hoogle:Match401k                      -600.00 USD

2015-03-16 * "Investing 40% of cash in VBMPX"
  Assets:US:Vanguard:VBMPX                          5.768 VBMPX {83.22 USD}
  Assets:US:Vanguard:Cash                         -480.01 USD               

2015-03-16 * "Investing 60% of cash in RGAGX"
  Assets:US:Vanguard:RGAGX                          5.124 RGAGX {140.52 USD}
  Assets:US:Vanguard:Cash                         -720.02 USD                

2015-03-16 * "Investing 40% of cash in VBMPX"
  Assets:US:Vanguard:VBMPX                          2.884 VBMPX {83.22 USD}
  Assets:US:Vanguard:Cash                         -240.01 USD               

2015-03-16 * "Investing 60% of cash in RGAGX"
  Assets:US:Vanguard:RGAGX                          2.562 RGAGX {140.52 USD}
  Assets:US:Vanguard:Cash                         -360.01 USD                

2015-03-27 * "Employer match for contribution"
  Assets:US:Vanguard:Cash                          600.00 USD
  Income:US:Hoogle:Match401k                      -600.00 USD

2015-03-30 * "Investing 40% of cash in VBMPX"
  Assets:US:Vanguard:VBMPX                          5.743 VBMPX {83.58 USD}
  Assets:US:Vanguard:Cash                         -480.00 USD               

2015-03-30 * "Investing 60% of cash in RGAGX"
  Assets:US:Vanguard:RGAGX                          5.140 RGAGX {140.06 USD}
  Assets:US:Vanguard:Cash                         -719.91 USD                

2015-03-30 * "Investing 40% of cash in VBMPX"
  Assets:US:Vanguard:VBMPX                          2.872 VBMPX {83.58 USD}
  Assets:US:Vanguard:Cash                         -240.04 USD               

2015-03-30 * "Investing 60% of cash in RGAGX"
  Assets:US:Vanguard:RGAGX                          2.570 RGAGX {140.06 USD}
  Assets:US:Vanguard:Cash                         -359.95 USD                

2015-04-10 * "Employer match for contribution"
  Assets:US:Vanguard:Cash                          600.00 USD
  Income:US:Hoogle:Match401k                      -600.00 USD

2015-04-13 * "Investing 40% of cash in VBMPX"
  Assets:US:Vanguard:VBMPX                          5.637 VBMPX {85.15 USD}
  Assets:US:Vanguard:Cash                         -479.99 USD               

2015-04-13 * "Investing 60% of cash in RGAGX"
  Assets:US:Vanguard:RGAGX                          5.114 RGAGX {140.80 USD}
  Assets:US:Vanguard:Cash                         -720.05 USD                

2015-04-13 * "Investing 40% of cash in VBMPX"
  Assets:US:Vanguard:VBMPX                          2.818 VBMPX {85.15 USD}
  Assets:US:Vanguard:Cash                         -239.95 USD               

2015-04-13 * "Investing 60% of cash in RGAGX"
  Assets:US:Vanguard:RGAGX                          2.557 RGAGX {140.80 USD}
  Assets:US:Vanguard:Cash                         -360.03 USD                

2015-04-24 * "Employer match for contribution"
  Assets:US:Vanguard:Cash                          600.00 USD
  Income:US:Hoogle:Match401k                      -600.00 USD

2015-04-27 * "Investing 40% of cash in VBMPX"
  Assets:US:Vanguard:VBMPX                          5.686 VBMPX {84.42 USD}
  Assets:US:Vanguard:Cash                         -480.01 USD               

2015-04-27 * "Investing 60% of cash in RGAGX"
  Assets:US:Vanguard:RGAGX                          5.147 RGAGX {139.89 USD}
  Assets:US:Vanguard:Cash                         -720.01 USD                

2015-04-27 * "Investing 40% of cash in VBMPX"
  Assets:US:Vanguard:VBMPX                          2.843 VBMPX {84.42 USD}
  Assets:US:Vanguard:Cash                         -240.01 USD               

2015-04-27 * "Investing 60% of cash in RGAGX"
  Assets:US:Vanguard:RGAGX                          2.573 RGAGX {139.89 USD}
  Assets:US:Vanguard:Cash                         -359.94 USD                

2015-05-08 * "Employer match for contribution"
  Assets:US:Vanguard:Cash                          600.00 USD
  Income:US:Hoogle:Match401k                      -600.00 USD

2015-05-11 * "Investing 40% of cash in VBMPX"
  Assets:US:Vanguard:VBMPX                          5.636 VBMPX {85.17 USD}
  Assets:US:Vanguard:Cash                         -480.02 USD               

2015-05-11 * "Investing 60% of cash in RGAGX"
  Assets:US:Vanguard:RGAGX                          5.162 RGAGX {139.48 USD}
  Assets:US:Vanguard:Cash                         -720.00 USD                

2015-05-11 * "Investing 40% of cash in VBMPX"
  Assets:US:Vanguard:VBMPX                          2.818 VBMPX {85.17 USD}
  Assets:US:Vanguard:Cash                         -240.01 USD               

2015-05-11 * "Investing 60% of cash in RGAGX"
  Assets:US:Vanguard:RGAGX                          2.581 RGAGX {139.48 USD}
  Assets:US:Vanguard:Cash                         -360.00 USD                

2015-05-22 * "Employer match for contribution"
  Assets:US:Vanguard:Cash                          600.00 USD
  Income:US:Hoogle:Match401k                      -600.00 USD

2015-05-25 * "Investing 40% of cash in VBMPX"
  Assets:US:Vanguard:VBMPX                          5.648 VBMPX {84.99 USD}
  Assets:US:Vanguard:Cash                         -480.02 USD               

2015-05-25 * "Investing 60% of cash in RGAGX"
  Assets:US:Vanguard:RGAGX                          5.145 RGAGX {139.93 USD}
  Assets:US:Vanguard:Cash                         -719.94 USD                

2015-05-25 * "Investing 40% of cash in VBMPX"
  Assets:US:Vanguard:VBMPX                          2.824 VBMPX {84.99 USD}
  Assets:US:Vanguard:Cash                         -240.01 USD               

2015-05-25 * "Investing 60% of cash in RGAGX"
  Assets:US:Vanguard:RGAGX                          2.573 RGAGX {139.93 USD}
  Assets:US:Vanguard:Cash                         -360.04 USD                

2015-06-05 * "Employer match for contribution"
  Assets:US:Vanguard:Cash                          600.00 USD
  Income:US:Hoogle:Match401k                      -600.00 USD

2015-06-08 * "Investing 40% of cash in VBMPX"
  Assets:US:Vanguard:VBMPX                          5.636 VBMPX {85.16 USD}
  Assets:US:Vanguard:Cash                         -479.96 USD               

2015-06-08 * "Investing 60% of cash in RGAGX"
  Assets:US:Vanguard:RGAGX                          5.112 RGAGX {140.85 USD}
  Assets:US:Vanguard:Cash                         -720.03 USD                

2015-06-08 * "Investing 40% of cash in VBMPX"
  Assets:US:Vanguard:VBMPX                          2.818 VBMPX {85.16 USD}
  Assets:US:Vanguard:Cash                         -239.98 USD               

2015-06-08 * "Investing 60% of cash in RGAGX"
  Assets:US:Vanguard:RGAGX                          2.556 RGAGX {140.85 USD}
  Assets:US:Vanguard:Cash                         -360.01 USD                

2015-06-19 * "Employer match for contribution"
  Assets:US:Vanguard:Cash                          600.00 USD
  Income:US:Hoogle:Match401k                      -600.00 USD

2015-06-22 * "Investing 40% of cash in VBMPX"
  Assets:US:Vanguard:VBMPX                          5.617 VBMPX {85.46 USD}
  Assets:US:Vanguard:Cash                         -480.03 USD               

2015-06-22 * "Investing 60% of cash in RGAGX"
  Assets:US:Vanguard:RGAGX                          5.196 RGAGX {138.58 USD}
  Assets:US:Vanguard:Cash                         -720.06 USD                

2015-06-22 * "Investing 40% of cash in VBMPX"
  Assets:US:Vanguard:VBMPX                          2.808 VBMPX {85.46 USD}
  Assets:US:Vanguard:Cash                         -239.97 USD               

2015-06-22 * "Investing 60% of cash in RGAGX"
  Assets:US:Vanguard:RGAGX                          2.597 RGAGX {138.58 USD}
  Assets:US:Vanguard:Cash                         -359.89 USD                

2015-07-03 * "Employer match for contribution"
  Assets:US:Vanguard:Cash                          600.00 USD
  Income:US:Hoogle:Match401k                      -600.00 USD

2015-07-06 * "Investing 40% of cash in VBMPX"
  Assets:US:Vanguard:VBMPX                          5.595 VBMPX {85.80 USD}
  Assets:US:Vanguard:Cash                         -480.05 USD               

2015-07-06 * "Investing 60% of cash in RGAGX"
  Assets:US:Vanguard:RGAGX                          5.171 RGAGX {139.24 USD}
  Assets:US:Vanguard:Cash                         -720.01 USD                

2015-07-06 * "Investing 40% of cash in VBMPX"
  Assets:US:Vanguard:VBMPX                          2.797 VBMPX {85.80 USD}
  Assets:US:Vanguard:Cash                         -239.98 USD               

2015-07-06 * "Investing 60% of cash in RGAGX"
  Assets:US:Vanguard:RGAGX                          2.585 RGAGX {139.24 USD}
  Assets:US:Vanguard:Cash                         -359.94 USD                

2015-07-17 * "Employer match for contribution"
  Assets:US:Vanguard:Cash                          600.00 USD
  Income:US:Hoogle:Match401k                      -600.00 USD

2015-07-20 * "Investing 40% of cash in VBMPX"
  Assets:US:Vanguard:VBMPX                          5.562 VBMPX {86.31 USD}
  Assets:US:Vanguard:Cash                         -480.06 USD               

2015-07-20 * "Investing 60% of cash in RGAGX"
  Assets:US:Vanguard:RGAGX                          5.169 RGAGX {139.29 USD}
  Assets:US:Vanguard:Cash                         -719.99 USD                

2015-07-20 * "Investing 40% of cash in VBMPX"
  Assets:US:Vanguard:VBMPX                          2.781 VBMPX {86.31 USD}
  Assets:US:Vanguard:Cash                         -240.03 USD               

2015-07-20 * "Investing 60% of cash in RGAGX"
  Assets:US:Vanguard:RGAGX                          2.585 RGAGX {139.29 USD}
  Assets:US:Vanguard:Cash                         -360.06 USD                

2016-01-15 * "Employer match for contribution"
  Assets:US:Vanguard:Cash                          600.00 USD
  Income:US:Hoogle:Match401k                      -600.00 USD

2016-01-18 * "Investing 40% of cash in VBMPX"
  Assets:US:Vanguard:VBMPX                          5.122 VBMPX {93.70 USD}
  Assets:US:Vanguard:Cash                         -479.93 USD               

2016-01-18 * "Investing 60% of cash in RGAGX"
  Assets:US:Vanguard:RGAGX                          4.768 RGAGX {151.00 USD}
  Assets:US:Vanguard:Cash                         -719.97 USD                

2016-01-18 * "Investing 40% of cash in VBMPX"
  Assets:US:Vanguard:VBMPX                          2.562 VBMPX {93.70 USD}
  Assets:US:Vanguard:Cash                         -240.06 USD               

2016-01-18 * "Investing 60% of cash in RGAGX"
  Assets:US:Vanguard:RGAGX                          2.384 RGAGX {151.00 USD}
  Assets:US:Vanguard:Cash                         -359.98 USD                

2016-01-29 * "Employer match for contribution"
  Assets:US:Vanguard:Cash                          600.00 USD
  Income:US:Hoogle:Match401k                      -600.00 USD

2016-02-01 * "Investing 40% of cash in VBMPX"
  Assets:US:Vanguard:VBMPX                          5.166 VBMPX {92.91 USD}
  Assets:US:Vanguard:Cash                         -479.97 USD               

2016-02-01 * "Investing 60% of cash in RGAGX"
  Assets:US:Vanguard:RGAGX                          4.766 RGAGX {151.07 USD}
  Assets:US:Vanguard:Cash                         -720.00 USD                

2016-02-01 * "Investing 40% of cash in VBMPX"
  Assets:US:Vanguard:VBMPX                          2.583 VBMPX {92.91 USD}
  Assets:US:Vanguard:Cash                         -239.99 USD               

2016-02-01 * "Investing 60% of cash in RGAGX"
  Assets:US:Vanguard:RGAGX                          2.383 RGAGX {151.07 USD}
  Assets:US:Vanguard:Cash                         -360.00 USD                

2016-02-12 * "Employer match for contribution"
  Assets:US:Vanguard:Cash                          600.00 USD
  Income:US:Hoogle:Match401k                      -600.00 USD

2016-02-15 * "Investing 40% of cash in VBMPX"
  Assets:US:Vanguard:VBMPX                          5.240 VBMPX {91.60 USD}
  Assets:US:Vanguard:Cash                         -479.98 USD               

2016-02-15 * "Investing 60% of cash in RGAGX"
  Assets:US:Vanguard:RGAGX                          4.727 RGAGX {152.32 USD}
  Assets:US:Vanguard:Cash                         -720.02 USD                

2016-02-15 * "Investing 40% of cash in VBMPX"
  Assets:US:Vanguard:VBMPX                          2.620 VBMPX {91.60 USD}
  Assets:US:Vanguard:Cash                         -239.99 USD               

2016-02-15 * "Investing 60% of cash in RGAGX"
  Assets:US:Vanguard:RGAGX                          2.364 RGAGX {152.32 USD}
  Assets:US:Vanguard:Cash                         -360.08 USD                

2016-02-26 * "Employer match for contribution"
  Assets:US:Vanguard:Cash                          600.00 USD
  Income:US:Hoogle:Match401k                      -600.00 USD

2016-02-29 * "Investing 40% of cash in VBMPX"
  Assets:US:Vanguard:VBMPX                          5.243 VBMPX {91.55 USD}
  Assets:US:Vanguard:Cash                         -480.00 USD               

2016-02-29 * "Investing 60% of cash in RGAGX"
  Assets:US:Vanguard:RGAGX                          4.692 RGAGX {153.46 USD}
  Assets:US:Vanguard:Cash                         -720.03 USD                

2016-02-29 * "Investing 40% of cash in VBMPX"
  Assets:US:Vanguard:VBMPX                          2.621 VBMPX {91.55 USD}
  Assets:US:Vanguard:Cash                         -239.95 USD               

2016-02-29 * "Investing 60% of cash in RGAGX"
  Assets:US:Vanguard:RGAGX                          2.346 RGAGX {153.46 USD}
  Assets:US:Vanguard:Cash                         -360.02 USD                

2016-03-11 * "Employer match for contribution"
  Assets:US:Vanguard:Cash                          600.00 USD
  Income:US:Hoogle:Match401k                      -600.00 USD

2016-03-14 * "Investing 40% of cash in VBMPX"
  Assets:US:Vanguard:VBMPX                          5.250 VBMPX {91.43 USD}
  Assets:US:Vanguard:Cash                         -480.01 USD               

2016-03-14 * "Investing 60% of cash in RGAGX"
  Assets:US:Vanguard:RGAGX                          4.677 RGAGX {153.94 USD}
  Assets:US:Vanguard:Cash                         -719.98 USD                

2016-03-14 * "Investing 40% of cash in VBMPX"
  Assets:US:Vanguard:VBMPX                          2.625 VBMPX {91.43 USD}
  Assets:US:Vanguard:Cash                         -240.00 USD               

2016-03-14 * "Investing 60% of cash in RGAGX"
  Assets:US:Vanguard:RGAGX                          2.338 RGAGX {153.94 USD}
  Assets:US:Vanguard:Cash                         -359.91 USD                

2016-03-25 * "Employer match for contribution"
  Assets:US:Vanguard:Cash                          600.00 USD
  Income:US:Hoogle:Match401k                      -600.00 USD

2016-03-28 * "Investing 40% of cash in VBMPX"
  Assets:US:Vanguard:VBMPX                          5.196 VBMPX {92.39 USD}
  Assets:US:Vanguard:Cash                         -480.06 USD               

2016-03-28 * "Investing 60% of cash in RGAGX"
  Assets:US:Vanguard:RGAGX                          4.639 RGAGX {155.22 USD}
  Assets:US:Vanguard:Cash                         -720.07 USD                

2016-03-28 * "Investing 40% of cash in VBMPX"
  Assets:US:Vanguard:VBMPX                          2.597 VBMPX {92.39 USD}
  Assets:US:Vanguard:Cash                         -239.94 USD               

2016-03-28 * "Investing 60% of cash in RGAGX"
  Assets:US:Vanguard:RGAGX                          2.319 RGAGX {155.22 USD}
  Assets:US:Vanguard:Cash                         -359.96 USD                

2016-04-08 * "Employer match for contribution"
  Assets:US:Vanguard:Cash                          600.00 USD
  Income:US:Hoogle:Match401k                      -600.00 USD

2016-04-11 * "Investing 40% of cash in VBMPX"
  Assets:US:Vanguard:VBMPX                          5.202 VBMPX {92.27 USD}
  Assets:US:Vanguard:Cash                         -479.99 USD               

2016-04-11 * "Investing 60% of cash in RGAGX"
  Assets:US:Vanguard:RGAGX                          4.584 RGAGX {157.06 USD}
  Assets:US:Vanguard:Cash                         -719.96 USD                

2016-04-11 * "Investing 40% of cash in VBMPX"
  Assets:US:Vanguard:VBMPX                          2.601 VBMPX {92.27 USD}
  Assets:US:Vanguard:Cash                         -239.99 USD               

2016-04-11 * "Investing 60% of cash in RGAGX"
  Assets:US:Vanguard:RGAGX                          2.292 RGAGX {157.06 USD}
  Assets:US:Vanguard:Cash                         -359.98 USD                

2016-04-22 * "Employer match for contribution"
  Assets:US:Vanguard:Cash                          600.00 USD
  Income:US:Hoogle:Match401k                      -600.00 USD

2016-04-25 * "Investing 40% of cash in VBMPX"
  Assets:US:Vanguard:VBMPX                          5.189 VBMPX {92.52 USD}
  Assets:US:Vanguard:Cash                         -480.09 USD               

2016-04-25 * "Investing 60% of cash in RGAGX"
  Assets:US:Vanguard:RGAGX                          4.582 RGAGX {157.16 USD}
  Assets:US:Vanguard:Cash                         -720.11 USD                

2016-04-25 * "Investing 40% of cash in VBMPX"
  Assets:US:Vanguard:VBMPX                          2.594 VBMPX {92.52 USD}
  Assets:US:Vanguard:Cash                         -240.00 USD               

2016-04-25 * "Investing 60% of cash in RGAGX"
  Assets:US:Vanguard:RGAGX                          2.290 RGAGX {157.16 USD}
  Assets:US:Vanguard:Cash                         -359.90 USD                

;; 2016-05-06 * "Employer match for contribution"
;;   Assets:US:Vanguard:Cash                          600.00 USD
;;   Income:US:Hoogle:Match401k                      -600.00 USD
;; 
;; 2016-05-09 * "Investing 40% of cash in VBMPX"
;;   Assets:US:Vanguard:VBMPX                          5.199 VBMPX {92.32 USD}
;;   Assets:US:Vanguard:Cash                         -479.97 USD               
;; 
;; 2016-05-09 * "Investing 60% of cash in RGAGX"
;;   Assets:US:Vanguard:RGAGX                          4.597 RGAGX {156.61 USD}
;;   Assets:US:Vanguard:Cash                         -719.94 USD                
;; 
;; 2016-05-09 * "Investing 40% of cash in VBMPX"
;;   Assets:US:Vanguard:VBMPX                          2.600 VBMPX {92.32 USD}
;;   Assets:US:Vanguard:Cash                         -240.03 USD               
;; 
;; 2016-05-09 * "Investing 60% of cash in RGAGX"
;;   Assets:US:Vanguard:RGAGX                          2.299 RGAGX {156.61 USD}
;;   Assets:US:Vanguard:Cash                         -360.05 USD                



* Sources of Income

2014-01-01 open Income:US:Hoogle:Salary                      USD
2014-01-01 open Income:US:Hoogle:GroupTermLife               USD
2014-01-01 open Income:US:Hoogle:Vacation                    VACHR
2014-01-01 open Assets:US:Hoogle:Vacation                    VACHR
2014-01-01 open Expenses:Vacation                               VACHR
2014-01-01 open Expenses:Health:Life:GroupTermLife
2014-01-01 open Expenses:Health:Medical:Insurance
2014-01-01 open Expenses:Health:Dental:Insurance
2014-01-01 open Expenses:Health:Vision:Insurance

2014-01-01 event "employer" "Hoogle, 1600 Amphibious Parkway, River View, CA"

2014-01-02 * "Hoogle" "Payroll"
  Assets:US:BofA:Checking                         1350.60 USD   
  Assets:US:Vanguard:Cash                         1200.00 USD   
  Assets:US:Federal:PreTax401k                   -1200.00 IRAUSD
  Expenses:Taxes:Y2014:US:Federal:PreTax401k      1200.00 IRAUSD
  Income:US:Hoogle:Salary                        -4615.38 USD   
  Income:US:Hoogle:GroupTermLife                   -24.32 USD   
  Expenses:Health:Life:GroupTermLife                24.32 USD   
  Expenses:Health:Dental:Insurance                   2.90 USD   
  Expenses:Health:Medical:Insurance                 27.38 USD   
  Expenses:Health:Vision:Insurance                  42.30 USD   
  Expenses:Taxes:Y2014:US:Medicare                 106.62 USD   
  Expenses:Taxes:Y2014:US:Federal                 1062.92 USD   
  Expenses:Taxes:Y2014:US:State                    365.08 USD   
  Expenses:Taxes:Y2014:US:CityNYC                  174.92 USD   
  Expenses:Taxes:Y2014:US:SDI                        1.12 USD   
  Expenses:Taxes:Y2014:US:SocSec                   281.54 USD   
  Assets:US:Hoogle:Vacation                             5 VACHR 
  Income:US:Hoogle:Vacation                            -5 VACHR 

2014-01-16 * "Hoogle" "Payroll"
  Assets:US:BofA:Checking                         1350.60 USD   
  Assets:US:Vanguard:Cash                         1200.00 USD   
  Assets:US:Federal:PreTax401k                   -1200.00 IRAUSD
  Expenses:Taxes:Y2014:US:Federal:PreTax401k      1200.00 IRAUSD
  Income:US:Hoogle:Salary                        -4615.38 USD   
  Income:US:Hoogle:GroupTermLife                   -24.32 USD   
  Expenses:Health:Life:GroupTermLife                24.32 USD   
  Expenses:Health:Dental:Insurance                   2.90 USD   
  Expenses:Health:Medical:Insurance                 27.38 USD   
  Expenses:Health:Vision:Insurance                  42.30 USD   
  Expenses:Taxes:Y2014:US:Medicare                 106.62 USD   
  Expenses:Taxes:Y2014:US:Federal                 1062.92 USD   
  Expenses:Taxes:Y2014:US:State                    365.08 USD   
  Expenses:Taxes:Y2014:US:CityNYC                  174.92 USD   
  Expenses:Taxes:Y2014:US:SDI                        1.12 USD   
  Expenses:Taxes:Y2014:US:SocSec                   281.54 USD   
  Assets:US:Hoogle:Vacation                             5 VACHR 
  Income:US:Hoogle:Vacation                            -5 VACHR 

2014-01-30 * "Hoogle" "Payroll"
  Assets:US:BofA:Checking                         1350.60 USD   
  Assets:US:Vanguard:Cash                         1200.00 USD   
  Assets:US:Federal:PreTax401k                   -1200.00 IRAUSD
  Expenses:Taxes:Y2014:US:Federal:PreTax401k      1200.00 IRAUSD
  Income:US:Hoogle:Salary                        -4615.38 USD   
  Income:US:Hoogle:GroupTermLife                   -24.32 USD   
  Expenses:Health:Life:GroupTermLife                24.32 USD   
  Expenses:Health:Dental:Insurance                   2.90 USD   
  Expenses:Health:Medical:Insurance                 27.38 USD   
  Expenses:Health:Vision:Insurance                  42.30 USD   
  Expenses:Taxes:Y2014:US:Medicare                 106.62 USD   
  Expenses:Taxes:Y2014:US:Federal                 1062.92 USD   
  Expenses:Taxes:Y2014:US:State                    365.08 USD   
  Expenses:Taxes:Y2014:US:CityNYC                  174.92 USD   
  Expenses:Taxes:Y2014:US:SDI                        1.12 USD   
  Expenses:Taxes:Y2014:US:SocSec                   281.54 USD   
  Assets:US:Hoogle:Vacation                             5 VACHR 
  Income:US:Hoogle:Vacation                            -5 VACHR 

2014-02-13 * "Hoogle" "Payroll"
  Assets:US:BofA:Checking                         1350.60 USD   
  Assets:US:Vanguard:Cash                         1200.00 USD   
  Assets:US:Federal:PreTax401k                   -1200.00 IRAUSD
  Expenses:Taxes:Y2014:US:Federal:PreTax401k      1200.00 IRAUSD
  Income:US:Hoogle:Salary                        -4615.38 USD   
  Income:US:Hoogle:GroupTermLife                   -24.32 USD   
  Expenses:Health:Life:GroupTermLife                24.32 USD   
  Expenses:Health:Dental:Insurance                   2.90 USD   
  Expenses:Health:Medical:Insurance                 27.38 USD   
  Expenses:Health:Vision:Insurance                  42.30 USD   
  Expenses:Taxes:Y2014:US:Medicare                 106.62 USD   
  Expenses:Taxes:Y2014:US:Federal                 1062.92 USD   
  Expenses:Taxes:Y2014:US:State                    365.08 USD   
  Expenses:Taxes:Y2014:US:CityNYC                  174.92 USD   
  Expenses:Taxes:Y2014:US:SDI                        1.12 USD   
  Expenses:Taxes:Y2014:US:SocSec                   281.54 USD   
  Assets:US:Hoogle:Vacation                             5 VACHR 
  Income:US:Hoogle:Vacation                            -5 VACHR 

2014-02-27 * "Hoogle" "Payroll"
  Assets:US:BofA:Checking                         1350.60 USD   
  Assets:US:Vanguard:Cash                         1200.00 USD   
  Assets:US:Federal:PreTax401k                   -1200.00 IRAUSD
  Expenses:Taxes:Y2014:US:Federal:PreTax401k      1200.00 IRAUSD
  Income:US:Hoogle:Salary                        -4615.38 USD   
  Income:US:Hoogle:GroupTermLife                   -24.32 USD   
  Expenses:Health:Life:GroupTermLife                24.32 USD   
  Expenses:Health:Dental:Insurance                   2.90 USD   
  Expenses:Health:Medical:Insurance                 27.38 USD   
  Expenses:Health:Vision:Insurance                  42.30 USD   
  Expenses:Taxes:Y2014:US:Medicare                 106.62 USD   
  Expenses:Taxes:Y2014:US:Federal                 1062.92 USD   
  Expenses:Taxes:Y2014:US:State                    365.08 USD   
  Expenses:Taxes:Y2014:US:CityNYC                  174.92 USD   
  Expenses:Taxes:Y2014:US:SDI                        1.12 USD   
  Expenses:Taxes:Y2014:US:SocSec                   281.54 USD   
  Assets:US:Hoogle:Vacation                             5 VACHR 
  Income:US:Hoogle:Vacation                            -5 VACHR 

2014-03-13 * "Hoogle" "Payroll"
  Assets:US:BofA:Checking                         1350.60 USD   
  Assets:US:Vanguard:Cash                         1200.00 USD   
  Assets:US:Federal:PreTax401k                   -1200.00 IRAUSD
  Expenses:Taxes:Y2014:US:Federal:PreTax401k      1200.00 IRAUSD
  Income:US:Hoogle:Salary                        -4615.38 USD   
  Income:US:Hoogle:GroupTermLife                   -24.32 USD   
  Expenses:Health:Life:GroupTermLife                24.32 USD   
  Expenses:Health:Dental:Insurance                   2.90 USD   
  Expenses:Health:Medical:Insurance                 27.38 USD   
  Expenses:Health:Vision:Insurance                  42.30 USD   
  Expenses:Taxes:Y2014:US:Medicare                 106.62 USD   
  Expenses:Taxes:Y2014:US:Federal                 1062.92 USD   
  Expenses:Taxes:Y2014:US:State                    365.08 USD   
  Expenses:Taxes:Y2014:US:CityNYC                  174.92 USD   
  Expenses:Taxes:Y2014:US:SDI                        1.12 USD   
  Expenses:Taxes:Y2014:US:SocSec                   281.54 USD   
  Assets:US:Hoogle:Vacation                             5 VACHR 
  Income:US:Hoogle:Vacation                            -5 VACHR 

2014-03-27 * "Hoogle" "Payroll"
  Assets:US:BofA:Checking                         1350.60 USD   
  Assets:US:Vanguard:Cash                         1200.00 USD   
  Assets:US:Federal:PreTax401k                   -1200.00 IRAUSD
  Expenses:Taxes:Y2014:US:Federal:PreTax401k      1200.00 IRAUSD
  Income:US:Hoogle:Salary                        -4615.38 USD   
  Income:US:Hoogle:GroupTermLife                   -24.32 USD   
  Expenses:Health:Life:GroupTermLife                24.32 USD   
  Expenses:Health:Dental:Insurance                   2.90 USD   
  Expenses:Health:Medical:Insurance                 27.38 USD   
  Expenses:Health:Vision:Insurance                  42.30 USD   
  Expenses:Taxes:Y2014:US:Medicare                 106.62 USD   
  Expenses:Taxes:Y2014:US:Federal                 1062.92 USD   
  Expenses:Taxes:Y2014:US:State                    365.08 USD   
  Expenses:Taxes:Y2014:US:CityNYC                  174.92 USD   
  Expenses:Taxes:Y2014:US:SDI                        1.12 USD   
  Expenses:Taxes:Y2014:US:SocSec                   281.54 USD   
  Assets:US:Hoogle:Vacation                             5 VACHR 
  Income:US:Hoogle:Vacation                            -5 VACHR 

2014-04-10 * "Hoogle" "Payroll"
  Assets:US:BofA:Checking                         1350.60 USD   
  Assets:US:Vanguard:Cash                         1200.00 USD   
  Assets:US:Federal:PreTax401k                   -1200.00 IRAUSD
  Expenses:Taxes:Y2014:US:Federal:PreTax401k      1200.00 IRAUSD
  Income:US:Hoogle:Salary                        -4615.38 USD   
  Income:US:Hoogle:GroupTermLife                   -24.32 USD   
  Expenses:Health:Life:GroupTermLife                24.32 USD   
  Expenses:Health:Dental:Insurance                   2.90 USD   
  Expenses:Health:Medical:Insurance                 27.38 USD   
  Expenses:Health:Vision:Insurance                  42.30 USD   
  Expenses:Taxes:Y2014:US:Medicare                 106.62 USD   
  Expenses:Taxes:Y2014:US:Federal                 1062.92 USD   
  Expenses:Taxes:Y2014:US:State                    365.08 USD   
  Expenses:Taxes:Y2014:US:CityNYC                  174.92 USD   
  Expenses:Taxes:Y2014:US:SDI                        1.12 USD   
  Expenses:Taxes:Y2014:US:SocSec                   281.54 USD   
  Assets:US:Hoogle:Vacation                             5 VACHR 
  Income:US:Hoogle:Vacation                            -5 VACHR 

2014-04-24 * "Hoogle" "Payroll"
  Assets:US:BofA:Checking                         1350.60 USD   
  Assets:US:Vanguard:Cash                         1200.00 USD   
  Assets:US:Federal:PreTax401k                   -1200.00 IRAUSD
  Expenses:Taxes:Y2014:US:Federal:PreTax401k      1200.00 IRAUSD
  Income:US:Hoogle:Salary                        -4615.38 USD   
  Income:US:Hoogle:GroupTermLife                   -24.32 USD   
  Expenses:Health:Life:GroupTermLife                24.32 USD   
  Expenses:Health:Dental:Insurance                   2.90 USD   
  Expenses:Health:Medical:Insurance                 27.38 USD   
  Expenses:Health:Vision:Insurance                  42.30 USD   
  Expenses:Taxes:Y2014:US:Medicare                 106.62 USD   
  Expenses:Taxes:Y2014:US:Federal                 1062.92 USD   
  Expenses:Taxes:Y2014:US:State                    365.08 USD   
  Expenses:Taxes:Y2014:US:CityNYC                  174.92 USD   
  Expenses:Taxes:Y2014:US:SDI                        1.12 USD   
  Expenses:Taxes:Y2014:US:SocSec                   281.54 USD   
  Assets:US:Hoogle:Vacation                             5 VACHR 
  Income:US:Hoogle:Vacation                            -5 VACHR 

2014-05-08 * "Hoogle" "Payroll"
  Assets:US:BofA:Checking                         1350.60 USD   
  Assets:US:Vanguard:Cash                         1200.00 USD   
  Assets:US:Federal:PreTax401k                   -1200.00 IRAUSD
  Expenses:Taxes:Y2014:US:Federal:PreTax401k      1200.00 IRAUSD
  Income:US:Hoogle:Salary                        -4615.38 USD   
  Income:US:Hoogle:GroupTermLife                   -24.32 USD   
  Expenses:Health:Life:GroupTermLife                24.32 USD   
  Expenses:Health:Dental:Insurance                   2.90 USD   
  Expenses:Health:Medical:Insurance                 27.38 USD   
  Expenses:Health:Vision:Insurance                  42.30 USD   
  Expenses:Taxes:Y2014:US:Medicare                 106.62 USD   
  Expenses:Taxes:Y2014:US:Federal                 1062.92 USD   
  Expenses:Taxes:Y2014:US:State                    365.08 USD   
  Expenses:Taxes:Y2014:US:CityNYC                  174.92 USD   
  Expenses:Taxes:Y2014:US:SDI                        1.12 USD   
  Expenses:Taxes:Y2014:US:SocSec                   281.54 USD   
  Assets:US:Hoogle:Vacation                             5 VACHR 
  Income:US:Hoogle:Vacation                            -5 VACHR 

2014-05-22 * "Hoogle" "Payroll"
  Assets:US:BofA:Checking                         1350.60 USD   
  Assets:US:Vanguard:Cash                         1200.00 USD   
  Assets:US:Federal:PreTax401k                   -1200.00 IRAUSD
  Expenses:Taxes:Y2014:US:Federal:PreTax401k      1200.00 IRAUSD
  Income:US:Hoogle:Salary                        -4615.38 USD   
  Income:US:Hoogle:GroupTermLife                   -24.32 USD   
  Expenses:Health:Life:GroupTermLife                24.32 USD   
  Expenses:Health:Dental:Insurance                   2.90 USD   
  Expenses:Health:Medical:Insurance                 27.38 USD   
  Expenses:Health:Vision:Insurance                  42.30 USD   
  Expenses:Taxes:Y2014:US:Medicare                 106.62 USD   
  Expenses:Taxes:Y2014:US:Federal                 1062.92 USD   
  Expenses:Taxes:Y2014:US:State                    365.08 USD   
  Expenses:Taxes:Y2014:US:CityNYC                  174.92 USD   
  Expenses:Taxes:Y2014:US:SDI                        1.12 USD   
  Expenses:Taxes:Y2014:US:SocSec                   281.54 USD   
  Assets:US:Hoogle:Vacation                             5 VACHR 
  Income:US:Hoogle:Vacation                            -5 VACHR 

2014-06-05 * "Hoogle" "Payroll"
  Assets:US:BofA:Checking                         1350.60 USD   
  Assets:US:Vanguard:Cash                         1200.00 USD   
  Assets:US:Federal:PreTax401k                   -1200.00 IRAUSD
  Expenses:Taxes:Y2014:US:Federal:PreTax401k      1200.00 IRAUSD
  Income:US:Hoogle:Salary                        -4615.38 USD   
  Income:US:Hoogle:GroupTermLife                   -24.32 USD   
  Expenses:Health:Life:GroupTermLife                24.32 USD   
  Expenses:Health:Dental:Insurance                   2.90 USD   
  Expenses:Health:Medical:Insurance                 27.38 USD   
  Expenses:Health:Vision:Insurance                  42.30 USD   
  Expenses:Taxes:Y2014:US:Medicare                 106.62 USD   
  Expenses:Taxes:Y2014:US:Federal                 1062.92 USD   
  Expenses:Taxes:Y2014:US:State                    365.08 USD   
  Expenses:Taxes:Y2014:US:CityNYC                  174.92 USD   
  Expenses:Taxes:Y2014:US:SDI                        1.12 USD   
  Expenses:Taxes:Y2014:US:SocSec                   281.54 USD   
  Assets:US:Hoogle:Vacation                             5 VACHR 
  Income:US:Hoogle:Vacation                            -5 VACHR 

2014-06-19 * "Hoogle" "Payroll"
  Assets:US:BofA:Checking                         1350.60 USD   
  Assets:US:Vanguard:Cash                         1200.00 USD   
  Assets:US:Federal:PreTax401k                   -1200.00 IRAUSD
  Expenses:Taxes:Y2014:US:Federal:PreTax401k      1200.00 IRAUSD
  Income:US:Hoogle:Salary                        -4615.38 USD   
  Income:US:Hoogle:GroupTermLife                   -24.32 USD   
  Expenses:Health:Life:GroupTermLife                24.32 USD   
  Expenses:Health:Dental:Insurance                   2.90 USD   
  Expenses:Health:Medical:Insurance                 27.38 USD   
  Expenses:Health:Vision:Insurance                  42.30 USD   
  Expenses:Taxes:Y2014:US:Medicare                 106.62 USD   
  Expenses:Taxes:Y2014:US:Federal                 1062.92 USD   
  Expenses:Taxes:Y2014:US:State                    365.08 USD   
  Expenses:Taxes:Y2014:US:CityNYC                  174.92 USD   
  Expenses:Taxes:Y2014:US:SDI                        1.12 USD   
  Expenses:Taxes:Y2014:US:SocSec                   281.54 USD   
  Assets:US:Hoogle:Vacation                             5 VACHR 
  Income:US:Hoogle:Vacation                            -5 VACHR 

2014-07-03 * "Hoogle" "Payroll"
  Assets:US:BofA:Checking                         1350.60 USD   
  Assets:US:Vanguard:Cash                         1200.00 USD   
  Assets:US:Federal:PreTax401k                   -1200.00 IRAUSD
  Expenses:Taxes:Y2014:US:Federal:PreTax401k      1200.00 IRAUSD
  Income:US:Hoogle:Salary                        -4615.38 USD   
  Income:US:Hoogle:GroupTermLife                   -24.32 USD   
  Expenses:Health:Life:GroupTermLife                24.32 USD   
  Expenses:Health:Dental:Insurance                   2.90 USD   
  Expenses:Health:Medical:Insurance                 27.38 USD   
  Expenses:Health:Vision:Insurance                  42.30 USD   
  Expenses:Taxes:Y2014:US:Medicare                 106.62 USD   
  Expenses:Taxes:Y2014:US:Federal                 1062.92 USD   
  Expenses:Taxes:Y2014:US:State                    365.08 USD   
  Expenses:Taxes:Y2014:US:CityNYC                  174.92 USD   
  Expenses:Taxes:Y2014:US:SDI                        1.12 USD   
  Expenses:Taxes:Y2014:US:SocSec                   281.54 USD   
  Assets:US:Hoogle:Vacation                             5 VACHR 
  Income:US:Hoogle:Vacation                            -5 VACHR 

2014-07-17 * "Hoogle" "Payroll"
  Assets:US:BofA:Checking                         1850.60 USD   
  Assets:US:Vanguard:Cash                          700.00 USD   
  Assets:US:Federal:PreTax401k                    -700.00 IRAUSD
  Expenses:Taxes:Y2014:US:Federal:PreTax401k       700.00 IRAUSD
  Income:US:Hoogle:Salary                        -4615.38 USD   
  Income:US:Hoogle:GroupTermLife                   -24.32 USD   
  Expenses:Health:Life:GroupTermLife                24.32 USD   
  Expenses:Health:Dental:Insurance                   2.90 USD   
  Expenses:Health:Medical:Insurance                 27.38 USD   
  Expenses:Health:Vision:Insurance                  42.30 USD   
  Expenses:Taxes:Y2014:US:Medicare                 106.62 USD   
  Expenses:Taxes:Y2014:US:Federal                 1062.92 USD   
  Expenses:Taxes:Y2014:US:State                    365.08 USD   
  Expenses:Taxes:Y2014:US:CityNYC                  174.92 USD   
  Expenses:Taxes:Y2014:US:SDI                        1.12 USD   
  Expenses:Taxes:Y2014:US:SocSec                   281.54 USD   
  Assets:US:Hoogle:Vacation                             5 VACHR 
  Income:US:Hoogle:Vacation                            -5 VACHR 

2014-07-31 * "Hoogle" "Payroll"
  Assets:US:BofA:Checking                         2550.60 USD   
  Assets:US:Federal:PreTax401k                       0.00 IRAUSD
  Income:US:Hoogle:Salary                        -4615.38 USD   
  Income:US:Hoogle:GroupTermLife                   -24.32 USD   
  Expenses:Health:Life:GroupTermLife                24.32 USD   
  Expenses:Health:Dental:Insurance                   2.90 USD   
  Expenses:Health:Medical:Insurance                 27.38 USD   
  Expenses:Health:Vision:Insurance                  42.30 USD   
  Expenses:Taxes:Y2014:US:Medicare                 106.62 USD   
  Expenses:Taxes:Y2014:US:Federal                 1062.92 USD   
  Expenses:Taxes:Y2014:US:State                    365.08 USD   
  Expenses:Taxes:Y2014:US:CityNYC                  174.92 USD   
  Expenses:Taxes:Y2014:US:SDI                        1.12 USD   
  Expenses:Taxes:Y2014:US:SocSec                   281.54 USD   
  Assets:US:Hoogle:Vacation                             5 VACHR 
  Income:US:Hoogle:Vacation                            -5 VACHR 

2014-08-14 * "Hoogle" "Payroll"
  Assets:US:BofA:Checking                         2550.60 USD   
  Assets:US:Federal:PreTax401k                       0.00 IRAUSD
  Income:US:Hoogle:Salary                        -4615.38 USD   
  Income:US:Hoogle:GroupTermLife                   -24.32 USD   
  Expenses:Health:Life:GroupTermLife                24.32 USD   
  Expenses:Health:Dental:Insurance                   2.90 USD   
  Expenses:Health:Medical:Insurance                 27.38 USD   
  Expenses:Health:Vision:Insurance                  42.30 USD   
  Expenses:Taxes:Y2014:US:Medicare                 106.62 USD   
  Expenses:Taxes:Y2014:US:Federal                 1062.92 USD   
  Expenses:Taxes:Y2014:US:State                    365.08 USD   
  Expenses:Taxes:Y2014:US:CityNYC                  174.92 USD   
  Expenses:Taxes:Y2014:US:SDI                        1.12 USD   
  Expenses:Taxes:Y2014:US:SocSec                   281.54 USD   
  Assets:US:Hoogle:Vacation                             5 VACHR 
  Income:US:Hoogle:Vacation                            -5 VACHR 

2014-08-28 * "Hoogle" "Payroll"
  Assets:US:BofA:Checking                         2550.60 USD   
  Assets:US:Federal:PreTax401k                       0.00 IRAUSD
  Income:US:Hoogle:Salary                        -4615.38 USD   
  Income:US:Hoogle:GroupTermLife                   -24.32 USD   
  Expenses:Health:Life:GroupTermLife                24.32 USD   
  Expenses:Health:Dental:Insurance                   2.90 USD   
  Expenses:Health:Medical:Insurance                 27.38 USD   
  Expenses:Health:Vision:Insurance                  42.30 USD   
  Expenses:Taxes:Y2014:US:Medicare                 106.62 USD   
  Expenses:Taxes:Y2014:US:Federal                 1062.92 USD   
  Expenses:Taxes:Y2014:US:State                    365.08 USD   
  Expenses:Taxes:Y2014:US:CityNYC                  174.92 USD   
  Expenses:Taxes:Y2014:US:SDI                        1.12 USD   
  Expenses:Taxes:Y2014:US:SocSec                   281.54 USD   
  Assets:US:Hoogle:Vacation                             5 VACHR 
  Income:US:Hoogle:Vacation                            -5 VACHR 

2014-09-11 * "Hoogle" "Payroll"
  Assets:US:BofA:Checking                         2550.60 USD   
  Assets:US:Federal:PreTax401k                       0.00 IRAUSD
  Income:US:Hoogle:Salary                        -4615.38 USD   
  Income:US:Hoogle:GroupTermLife                   -24.32 USD   
  Expenses:Health:Life:GroupTermLife                24.32 USD   
  Expenses:Health:Dental:Insurance                   2.90 USD   
  Expenses:Health:Medical:Insurance                 27.38 USD   
  Expenses:Health:Vision:Insurance                  42.30 USD   
  Expenses:Taxes:Y2014:US:Medicare                 106.62 USD   
  Expenses:Taxes:Y2014:US:Federal                 1062.92 USD   
  Expenses:Taxes:Y2014:US:State                    365.08 USD   
  Expenses:Taxes:Y2014:US:CityNYC                  174.92 USD   
  Expenses:Taxes:Y2014:US:SDI                        1.12 USD   
  Expenses:Taxes:Y2014:US:SocSec                   281.54 USD   
  Assets:US:Hoogle:Vacation                             5 VACHR 
  Income:US:Hoogle:Vacation                            -5 VACHR 

2014-09-25 * "Hoogle" "Payroll"
  Assets:US:BofA:Checking                         2550.60 USD   
  Assets:US:Federal:PreTax401k                       0.00 IRAUSD
  Income:US:Hoogle:Salary                        -4615.38 USD   
  Income:US:Hoogle:GroupTermLife                   -24.32 USD   
  Expenses:Health:Life:GroupTermLife                24.32 USD   
  Expenses:Health:Dental:Insurance                   2.90 USD   
  Expenses:Health:Medical:Insurance                 27.38 USD   
  Expenses:Health:Vision:Insurance                  42.30 USD   
  Expenses:Taxes:Y2014:US:Medicare                 106.62 USD   
  Expenses:Taxes:Y2014:US:Federal                 1062.92 USD   
  Expenses:Taxes:Y2014:US:State                    365.08 USD   
  Expenses:Taxes:Y2014:US:CityNYC                  174.92 USD   
  Expenses:Taxes:Y2014:US:SDI                        1.12 USD   
  Expenses:Taxes:Y2014:US:SocSec                   281.54 USD   
  Assets:US:Hoogle:Vacation                             5 VACHR 
  Income:US:Hoogle:Vacation                            -5 VACHR 

2014-10-09 * "Hoogle" "Payroll"
  Assets:US:BofA:Checking                         2550.60 USD   
  Assets:US:Federal:PreTax401k                       0.00 IRAUSD
  Income:US:Hoogle:Salary                        -4615.38 USD   
  Income:US:Hoogle:GroupTermLife                   -24.32 USD   
  Expenses:Health:Life:GroupTermLife                24.32 USD   
  Expenses:Health:Dental:Insurance                   2.90 USD   
  Expenses:Health:Medical:Insurance                 27.38 USD   
  Expenses:Health:Vision:Insurance                  42.30 USD   
  Expenses:Taxes:Y2014:US:Medicare                 106.62 USD   
  Expenses:Taxes:Y2014:US:Federal                 1062.92 USD   
  Expenses:Taxes:Y2014:US:State                    365.08 USD   
  Expenses:Taxes:Y2014:US:CityNYC                  174.92 USD   
  Expenses:Taxes:Y2014:US:SDI                        1.12 USD   
  Expenses:Taxes:Y2014:US:SocSec                   281.54 USD   
  Assets:US:Hoogle:Vacation                             5 VACHR 
  Income:US:Hoogle:Vacation                            -5 VACHR 

2014-10-23 * "Hoogle" "Payroll"
  Assets:US:BofA:Checking                         2550.60 USD   
  Assets:US:Federal:PreTax401k                       0.00 IRAUSD
  Income:US:Hoogle:Salary                        -4615.38 USD   
  Income:US:Hoogle:GroupTermLife                   -24.32 USD   
  Expenses:Health:Life:GroupTermLife                24.32 USD   
  Expenses:Health:Dental:Insurance                   2.90 USD   
  Expenses:Health:Medical:Insurance                 27.38 USD   
  Expenses:Health:Vision:Insurance                  42.30 USD   
  Expenses:Taxes:Y2014:US:Medicare                 106.62 USD   
  Expenses:Taxes:Y2014:US:Federal                 1062.92 USD   
  Expenses:Taxes:Y2014:US:State                    365.08 USD   
  Expenses:Taxes:Y2014:US:CityNYC                  174.92 USD   
  Expenses:Taxes:Y2014:US:SDI                        1.12 USD   
  Expenses:Taxes:Y2014:US:SocSec                   281.54 USD   
  Assets:US:Hoogle:Vacation                             5 VACHR 
  Income:US:Hoogle:Vacation                            -5 VACHR 

2014-11-06 * "Hoogle" "Payroll"
  Assets:US:BofA:Checking                         2550.60 USD   
  Assets:US:Federal:PreTax401k                       0.00 IRAUSD
  Income:US:Hoogle:Salary                        -4615.38 USD   
  Income:US:Hoogle:GroupTermLife                   -24.32 USD   
  Expenses:Health:Life:GroupTermLife                24.32 USD   
  Expenses:Health:Dental:Insurance                   2.90 USD   
  Expenses:Health:Medical:Insurance                 27.38 USD   
  Expenses:Health:Vision:Insurance                  42.30 USD   
  Expenses:Taxes:Y2014:US:Medicare                 106.62 USD   
  Expenses:Taxes:Y2014:US:Federal                 1062.92 USD   
  Expenses:Taxes:Y2014:US:State                    365.08 USD   
  Expenses:Taxes:Y2014:US:CityNYC                  174.92 USD   
  Expenses:Taxes:Y2014:US:SDI                        1.12 USD   
  Expenses:Taxes:Y2014:US:SocSec                   281.54 USD   
  Assets:US:Hoogle:Vacation                             5 VACHR 
  Income:US:Hoogle:Vacation                            -5 VACHR 

2014-11-20 * "Hoogle" "Payroll"
  Assets:US:BofA:Checking                         2550.60 USD   
  Assets:US:Federal:PreTax401k                       0.00 IRAUSD
  Income:US:Hoogle:Salary                        -4615.38 USD   
  Income:US:Hoogle:GroupTermLife                   -24.32 USD   
  Expenses:Health:Life:GroupTermLife                24.32 USD   
  Expenses:Health:Dental:Insurance                   2.90 USD   
  Expenses:Health:Medical:Insurance                 27.38 USD   
  Expenses:Health:Vision:Insurance                  42.30 USD   
  Expenses:Taxes:Y2014:US:Medicare                 106.62 USD   
  Expenses:Taxes:Y2014:US:Federal                 1062.92 USD   
  Expenses:Taxes:Y2014:US:State                    365.08 USD   
  Expenses:Taxes:Y2014:US:CityNYC                  174.92 USD   
  Expenses:Taxes:Y2014:US:SDI                        1.12 USD   
  Expenses:Taxes:Y2014:US:SocSec                   281.54 USD   
  Assets:US:Hoogle:Vacation                             5 VACHR 
  Income:US:Hoogle:Vacation                            -5 VACHR 

2014-12-04 * "Hoogle" "Payroll"
  Assets:US:BofA:Checking                         2589.06 USD   
  Assets:US:Federal:PreTax401k                       0.00 IRAUSD
  Income:US:Hoogle:Salary                        -4615.38 USD   
  Income:US:Hoogle:GroupTermLife                   -24.32 USD   
  Expenses:Health:Life:GroupTermLife                24.32 USD   
  Expenses:Health:Dental:Insurance                   2.90 USD   
  Expenses:Health:Medical:Insurance                 27.38 USD   
  Expenses:Health:Vision:Insurance                  42.30 USD   
  Expenses:Taxes:Y2014:US:Medicare                 106.62 USD   
  Expenses:Taxes:Y2014:US:Federal                 1062.92 USD   
  Expenses:Taxes:Y2014:US:State                    365.08 USD   
  Expenses:Taxes:Y2014:US:CityNYC                  174.92 USD   
  Expenses:Taxes:Y2014:US:SDI                        1.12 USD   
  Expenses:Taxes:Y2014:US:SocSec                   243.08 USD   
  Assets:US:Hoogle:Vacation                             5 VACHR 
  Income:US:Hoogle:Vacation                            -5 VACHR 

2014-12-18 * "Hoogle" "Payroll"
  Assets:US:BofA:Checking                         2832.14 USD   
  Assets:US:Federal:PreTax401k                       0.00 IRAUSD
  Income:US:Hoogle:Salary                        -4615.38 USD   
  Income:US:Hoogle:GroupTermLife                   -24.32 USD   
  Expenses:Health:Life:GroupTermLife                24.32 USD   
  Expenses:Health:Dental:Insurance                   2.90 USD   
  Expenses:Health:Medical:Insurance                 27.38 USD   
  Expenses:Health:Vision:Insurance                  42.30 USD   
  Expenses:Taxes:Y2014:US:Medicare                 106.62 USD   
  Expenses:Taxes:Y2014:US:Federal                 1062.92 USD   
  Expenses:Taxes:Y2014:US:State                    365.08 USD   
  Expenses:Taxes:Y2014:US:CityNYC                  174.92 USD   
  Expenses:Taxes:Y2014:US:SDI                        1.12 USD   
  Expenses:Taxes:Y2014:US:SocSec                     0.00 USD   
  Assets:US:Hoogle:Vacation                             5 VACHR 
  Income:US:Hoogle:Vacation                            -5 VACHR 

2015-01-01 * "Hoogle" "Payroll"
  Assets:US:BofA:Checking                         1350.60 USD   
  Assets:US:Vanguard:Cash                         1200.00 USD   
  Assets:US:Federal:PreTax401k                   -1200.00 IRAUSD
  Expenses:Taxes:Y2015:US:Federal:PreTax401k      1200.00 IRAUSD
  Income:US:Hoogle:Salary                        -4615.38 USD   
  Income:US:Hoogle:GroupTermLife                   -24.32 USD   
  Expenses:Health:Life:GroupTermLife                24.32 USD   
  Expenses:Health:Dental:Insurance                   2.90 USD   
  Expenses:Health:Medical:Insurance                 27.38 USD   
  Expenses:Health:Vision:Insurance                  42.30 USD   
  Expenses:Taxes:Y2015:US:Medicare                 106.62 USD   
  Expenses:Taxes:Y2015:US:Federal                 1062.92 USD   
  Expenses:Taxes:Y2015:US:State                    365.08 USD   
  Expenses:Taxes:Y2015:US:CityNYC                  174.92 USD   
  Expenses:Taxes:Y2015:US:SDI                        1.12 USD   
  Expenses:Taxes:Y2015:US:SocSec                   281.54 USD   
  Assets:US:Hoogle:Vacation                             5 VACHR 
  Income:US:Hoogle:Vacation                            -5 VACHR 

2015-01-15 * "Hoogle" "Payroll"
  Assets:US:BofA:Checking                         1350.60 USD   
  Assets:US:Vanguard:Cash                         1200.00 USD   
  Assets:US:Federal:PreTax401k                   -1200.00 IRAUSD
  Expenses:Taxes:Y2015:US:Federal:PreTax401k      1200.00 IRAUSD
  Income:US:Hoogle:Salary                        -4615.38 USD   
  Income:US:Hoogle:GroupTermLife                   -24.32 USD   
  Expenses:Health:Life:GroupTermLife                24.32 USD   
  Expenses:Health:Dental:Insurance                   2.90 USD   
  Expenses:Health:Medical:Insurance                 27.38 USD   
  Expenses:Health:Vision:Insurance                  42.30 USD   
  Expenses:Taxes:Y2015:US:Medicare                 106.62 USD   
  Expenses:Taxes:Y2015:US:Federal                 1062.92 USD   
  Expenses:Taxes:Y2015:US:State                    365.08 USD   
  Expenses:Taxes:Y2015:US:CityNYC                  174.92 USD   
  Expenses:Taxes:Y2015:US:SDI                        1.12 USD   
  Expenses:Taxes:Y2015:US:SocSec                   281.54 USD   
  Assets:US:Hoogle:Vacation                             5 VACHR 
  Income:US:Hoogle:Vacation                            -5 VACHR 

2015-01-29 * "Hoogle" "Payroll"
  Assets:US:BofA:Checking                         1350.60 USD   
  Assets:US:Vanguard:Cash                         1200.00 USD   
  Assets:US:Federal:PreTax401k                   -1200.00 IRAUSD
  Expenses:Taxes:Y2015:US:Federal:PreTax401k      1200.00 IRAUSD
  Income:US:Hoogle:Salary                        -4615.38 USD   
  Income:US:Hoogle:GroupTermLife                   -24.32 USD   
  Expenses:Health:Life:GroupTermLife                24.32 USD   
  Expenses:Health:Dental:Insurance                   2.90 USD   
  Expenses:Health:Medical:Insurance                 27.38 USD   
  Expenses:Health:Vision:Insurance                  42.30 USD   
  Expenses:Taxes:Y2015:US:Medicare                 106.62 USD   
  Expenses:Taxes:Y2015:US:Federal                 1062.92 USD   
  Expenses:Taxes:Y2015:US:State                    365.08 USD   
  Expenses:Taxes:Y2015:US:CityNYC                  174.92 USD   
  Expenses:Taxes:Y2015:US:SDI                        1.12 USD   
  Expenses:Taxes:Y2015:US:SocSec                   281.54 USD   
  Assets:US:Hoogle:Vacation                             5 VACHR 
  Income:US:Hoogle:Vacation                            -5 VACHR 

2015-02-12 * "Hoogle" "Payroll"
  Assets:US:BofA:Checking                         1350.60 USD   
  Assets:US:Vanguard:Cash                         1200.00 USD   
  Assets:US:Federal:PreTax401k                   -1200.00 IRAUSD
  Expenses:Taxes:Y2015:US:Federal:PreTax401k      1200.00 IRAUSD
  Income:US:Hoogle:Salary                        -4615.38 USD   
  Income:US:Hoogle:GroupTermLife                   -24.32 USD   
  Expenses:Health:Life:GroupTermLife                24.32 USD   
  Expenses:Health:Dental:Insurance                   2.90 USD   
  Expenses:Health:Medical:Insurance                 27.38 USD   
  Expenses:Health:Vision:Insurance                  42.30 USD   
  Expenses:Taxes:Y2015:US:Medicare                 106.62 USD   
  Expenses:Taxes:Y2015:US:Federal                 1062.92 USD   
  Expenses:Taxes:Y2015:US:State                    365.08 USD   
  Expenses:Taxes:Y2015:US:CityNYC                  174.92 USD   
  Expenses:Taxes:Y2015:US:SDI                        1.12 USD   
  Expenses:Taxes:Y2015:US:SocSec                   281.54 USD   
  Assets:US:Hoogle:Vacation                             5 VACHR 
  Income:US:Hoogle:Vacation                            -5 VACHR 

2015-02-26 * "Hoogle" "Payroll"
  Assets:US:BofA:Checking                         1350.60 USD   
  Assets:US:Vanguard:Cash                         1200.00 USD   
  Assets:US:Federal:PreTax401k                   -1200.00 IRAUSD
  Expenses:Taxes:Y2015:US:Federal:PreTax401k      1200.00 IRAUSD
  Income:US:Hoogle:Salary                        -4615.38 USD   
  Income:US:Hoogle:GroupTermLife                   -24.32 USD   
  Expenses:Health:Life:GroupTermLife                24.32 USD   
  Expenses:Health:Dental:Insurance                   2.90 USD   
  Expenses:Health:Medical:Insurance                 27.38 USD   
  Expenses:Health:Vision:Insurance                  42.30 USD   
  Expenses:Taxes:Y2015:US:Medicare                 106.62 USD   
  Expenses:Taxes:Y2015:US:Federal                 1062.92 USD   
  Expenses:Taxes:Y2015:US:State                    365.08 USD   
  Expenses:Taxes:Y2015:US:CityNYC                  174.92 USD   
  Expenses:Taxes:Y2015:US:SDI                        1.12 USD   
  Expenses:Taxes:Y2015:US:SocSec                   281.54 USD   
  Assets:US:Hoogle:Vacation                             5 VACHR 
  Income:US:Hoogle:Vacation                            -5 VACHR 

2015-03-12 * "Hoogle" "Payroll"
  Assets:US:BofA:Checking                         1350.60 USD   
  Assets:US:Vanguard:Cash                         1200.00 USD   
  Assets:US:Federal:PreTax401k                   -1200.00 IRAUSD
  Expenses:Taxes:Y2015:US:Federal:PreTax401k      1200.00 IRAUSD
  Income:US:Hoogle:Salary                        -4615.38 USD   
  Income:US:Hoogle:GroupTermLife                   -24.32 USD   
  Expenses:Health:Life:GroupTermLife                24.32 USD   
  Expenses:Health:Dental:Insurance                   2.90 USD   
  Expenses:Health:Medical:Insurance                 27.38 USD   
  Expenses:Health:Vision:Insurance                  42.30 USD   
  Expenses:Taxes:Y2015:US:Medicare                 106.62 USD   
  Expenses:Taxes:Y2015:US:Federal                 1062.92 USD   
  Expenses:Taxes:Y2015:US:State                    365.08 USD   
  Expenses:Taxes:Y2015:US:CityNYC                  174.92 USD   
  Expenses:Taxes:Y2015:US:SDI                        1.12 USD   
  Expenses:Taxes:Y2015:US:SocSec                   281.54 USD   
  Assets:US:Hoogle:Vacation                             5 VACHR 
  Income:US:Hoogle:Vacation                            -5 VACHR 

2015-03-26 * "Hoogle" "Payroll"
  Assets:US:BofA:Checking                         1350.60 USD   
  Assets:US:Vanguard:Cash                         1200.00 USD   
  Assets:US:Federal:PreTax401k                   -1200.00 IRAUSD
  Expenses:Taxes:Y2015:US:Federal:PreTax401k      1200.00 IRAUSD
  Income:US:Hoogle:Salary                        -4615.38 USD   
  Income:US:Hoogle:GroupTermLife                   -24.32 USD   
  Expenses:Health:Life:GroupTermLife                24.32 USD   
  Expenses:Health:Dental:Insurance                   2.90 USD   
  Expenses:Health:Medical:Insurance                 27.38 USD   
  Expenses:Health:Vision:Insurance                  42.30 USD   
  Expenses:Taxes:Y2015:US:Medicare                 106.62 USD   
  Expenses:Taxes:Y2015:US:Federal                 1062.92 USD   
  Expenses:Taxes:Y2015:US:State                    365.08 USD   
  Expenses:Taxes:Y2015:US:CityNYC                  174.92 USD   
  Expenses:Taxes:Y2015:US:SDI                        1.12 USD   
  Expenses:Taxes:Y2015:US:SocSec                   281.54 USD   
  Assets:US:Hoogle:Vacation                             5 VACHR 
  Income:US:Hoogle:Vacation                            -5 VACHR 

2015-04-09 * "Hoogle" "Payroll"
  Assets:US:BofA:Checking                         1350.60 USD   
  Assets:US:Vanguard:Cash                         1200.00 USD   
  Assets:US:Federal:PreTax401k                   -1200.00 IRAUSD
  Expenses:Taxes:Y2015:US:Federal:PreTax401k      1200.00 IRAUSD
  Income:US:Hoogle:Salary                        -4615.38 USD   
  Income:US:Hoogle:GroupTermLife                   -24.32 USD   
  Expenses:Health:Life:GroupTermLife                24.32 USD   
  Expenses:Health:Dental:Insurance                   2.90 USD   
  Expenses:Health:Medical:Insurance                 27.38 USD   
  Expenses:Health:Vision:Insurance                  42.30 USD   
  Expenses:Taxes:Y2015:US:Medicare                 106.62 USD   
  Expenses:Taxes:Y2015:US:Federal                 1062.92 USD   
  Expenses:Taxes:Y2015:US:State                    365.08 USD   
  Expenses:Taxes:Y2015:US:CityNYC                  174.92 USD   
  Expenses:Taxes:Y2015:US:SDI                        1.12 USD   
  Expenses:Taxes:Y2015:US:SocSec                   281.54 USD   
  Assets:US:Hoogle:Vacation                             5 VACHR 
  Income:US:Hoogle:Vacation                            -5 VACHR 

2015-04-23 * "Hoogle" "Payroll"
  Assets:US:BofA:Checking                         1350.60 USD   
  Assets:US:Vanguard:Cash                         1200.00 USD   
  Assets:US:Federal:PreTax401k                   -1200.00 IRAUSD
  Expenses:Taxes:Y2015:US:Federal:PreTax401k      1200.00 IRAUSD
  Income:US:Hoogle:Salary                        -4615.38 USD   
  Income:US:Hoogle:GroupTermLife                   -24.32 USD   
  Expenses:Health:Life:GroupTermLife                24.32 USD   
  Expenses:Health:Dental:Insurance                   2.90 USD   
  Expenses:Health:Medical:Insurance                 27.38 USD   
  Expenses:Health:Vision:Insurance                  42.30 USD   
  Expenses:Taxes:Y2015:US:Medicare                 106.62 USD   
  Expenses:Taxes:Y2015:US:Federal                 1062.92 USD   
  Expenses:Taxes:Y2015:US:State                    365.08 USD   
  Expenses:Taxes:Y2015:US:CityNYC                  174.92 USD   
  Expenses:Taxes:Y2015:US:SDI                        1.12 USD   
  Expenses:Taxes:Y2015:US:SocSec                   281.54 USD   
  Assets:US:Hoogle:Vacation                             5 VACHR 
  Income:US:Hoogle:Vacation                            -5 VACHR 

2015-05-07 * "Hoogle" "Payroll"
  Assets:US:BofA:Checking                         1350.60 USD   
  Assets:US:Vanguard:Cash                         1200.00 USD   
  Assets:US:Federal:PreTax401k                   -1200.00 IRAUSD
  Expenses:Taxes:Y2015:US:Federal:PreTax401k      1200.00 IRAUSD
  Income:US:Hoogle:Salary                        -4615.38 USD   
  Income:US:Hoogle:GroupTermLife                   -24.32 USD   
  Expenses:Health:Life:GroupTermLife                24.32 USD   
  Expenses:Health:Dental:Insurance                   2.90 USD   
  Expenses:Health:Medical:Insurance                 27.38 USD   
  Expenses:Health:Vision:Insurance                  42.30 USD   
  Expenses:Taxes:Y2015:US:Medicare                 106.62 USD   
  Expenses:Taxes:Y2015:US:Federal                 1062.92 USD   
  Expenses:Taxes:Y2015:US:State                    365.08 USD   
  Expenses:Taxes:Y2015:US:CityNYC                  174.92 USD   
  Expenses:Taxes:Y2015:US:SDI                        1.12 USD   
  Expenses:Taxes:Y2015:US:SocSec                   281.54 USD   
  Assets:US:Hoogle:Vacation                             5 VACHR 
  Income:US:Hoogle:Vacation                            -5 VACHR 

2015-05-21 * "Hoogle" "Payroll"
  Assets:US:BofA:Checking                         1350.60 USD   
  Assets:US:Vanguard:Cash                         1200.00 USD   
  Assets:US:Federal:PreTax401k                   -1200.00 IRAUSD
  Expenses:Taxes:Y2015:US:Federal:PreTax401k      1200.00 IRAUSD
  Income:US:Hoogle:Salary                        -4615.38 USD   
  Income:US:Hoogle:GroupTermLife                   -24.32 USD   
  Expenses:Health:Life:GroupTermLife                24.32 USD   
  Expenses:Health:Dental:Insurance                   2.90 USD   
  Expenses:Health:Medical:Insurance                 27.38 USD   
  Expenses:Health:Vision:Insurance                  42.30 USD   
  Expenses:Taxes:Y2015:US:Medicare                 106.62 USD   
  Expenses:Taxes:Y2015:US:Federal                 1062.92 USD   
  Expenses:Taxes:Y2015:US:State                    365.08 USD   
  Expenses:Taxes:Y2015:US:CityNYC                  174.92 USD   
  Expenses:Taxes:Y2015:US:SDI                        1.12 USD   
  Expenses:Taxes:Y2015:US:SocSec                   281.54 USD   
  Assets:US:Hoogle:Vacation                             5 VACHR 
  Income:US:Hoogle:Vacation                            -5 VACHR 

2015-06-04 * "Hoogle" "Payroll"
  Assets:US:BofA:Checking                         1350.60 USD   
  Assets:US:Vanguard:Cash                         1200.00 USD   
  Assets:US:Federal:PreTax401k                   -1200.00 IRAUSD
  Expenses:Taxes:Y2015:US:Federal:PreTax401k      1200.00 IRAUSD
  Income:US:Hoogle:Salary                        -4615.38 USD   
  Income:US:Hoogle:GroupTermLife                   -24.32 USD   
  Expenses:Health:Life:GroupTermLife                24.32 USD   
  Expenses:Health:Dental:Insurance                   2.90 USD   
  Expenses:Health:Medical:Insurance                 27.38 USD   
  Expenses:Health:Vision:Insurance                  42.30 USD   
  Expenses:Taxes:Y2015:US:Medicare                 106.62 USD   
  Expenses:Taxes:Y2015:US:Federal                 1062.92 USD   
  Expenses:Taxes:Y2015:US:State                    365.08 USD   
  Expenses:Taxes:Y2015:US:CityNYC                  174.92 USD   
  Expenses:Taxes:Y2015:US:SDI                        1.12 USD   
  Expenses:Taxes:Y2015:US:SocSec                   281.54 USD   
  Assets:US:Hoogle:Vacation                             5 VACHR 
  Income:US:Hoogle:Vacation                            -5 VACHR 

2015-06-18 * "Hoogle" "Payroll"
  Assets:US:BofA:Checking                         1350.60 USD   
  Assets:US:Vanguard:Cash                         1200.00 USD   
  Assets:US:Federal:PreTax401k                   -1200.00 IRAUSD
  Expenses:Taxes:Y2015:US:Federal:PreTax401k      1200.00 IRAUSD
  Income:US:Hoogle:Salary                        -4615.38 USD   
  Income:US:Hoogle:GroupTermLife                   -24.32 USD   
  Expenses:Health:Life:GroupTermLife                24.32 USD   
  Expenses:Health:Dental:Insurance                   2.90 USD   
  Expenses:Health:Medical:Insurance                 27.38 USD   
  Expenses:Health:Vision:Insurance                  42.30 USD   
  Expenses:Taxes:Y2015:US:Medicare                 106.62 USD   
  Expenses:Taxes:Y2015:US:Federal                 1062.92 USD   
  Expenses:Taxes:Y2015:US:State                    365.08 USD   
  Expenses:Taxes:Y2015:US:CityNYC                  174.92 USD   
  Expenses:Taxes:Y2015:US:SDI                        1.12 USD   
  Expenses:Taxes:Y2015:US:SocSec                   281.54 USD   
  Assets:US:Hoogle:Vacation                             5 VACHR 
  Income:US:Hoogle:Vacation                            -5 VACHR 

2015-07-02 * "Hoogle" "Payroll"
  Assets:US:BofA:Checking                         1350.60 USD   
  Assets:US:Vanguard:Cash                         1200.00 USD   
  Assets:US:Federal:PreTax401k                   -1200.00 IRAUSD
  Expenses:Taxes:Y2015:US:Federal:PreTax401k      1200.00 IRAUSD
  Income:US:Hoogle:Salary                        -4615.38 USD   
  Income:US:Hoogle:GroupTermLife                   -24.32 USD   
  Expenses:Health:Life:GroupTermLife                24.32 USD   
  Expenses:Health:Dental:Insurance                   2.90 USD   
  Expenses:Health:Medical:Insurance                 27.38 USD   
  Expenses:Health:Vision:Insurance                  42.30 USD   
  Expenses:Taxes:Y2015:US:Medicare                 106.62 USD   
  Expenses:Taxes:Y2015:US:Federal                 1062.92 USD   
  Expenses:Taxes:Y2015:US:State                    365.08 USD   
  Expenses:Taxes:Y2015:US:CityNYC                  174.92 USD   
  Expenses:Taxes:Y2015:US:SDI                        1.12 USD   
  Expenses:Taxes:Y2015:US:SocSec                   281.54 USD   
  Assets:US:Hoogle:Vacation                             5 VACHR 
  Income:US:Hoogle:Vacation                            -5 VACHR 

2015-07-16 * "Hoogle" "Payroll"
  Assets:US:BofA:Checking                         1350.60 USD   
  Assets:US:Vanguard:Cash                         1200.00 USD   
  Assets:US:Federal:PreTax401k                   -1200.00 IRAUSD
  Expenses:Taxes:Y2015:US:Federal:PreTax401k      1200.00 IRAUSD
  Income:US:Hoogle:Salary                        -4615.38 USD   
  Income:US:Hoogle:GroupTermLife                   -24.32 USD   
  Expenses:Health:Life:GroupTermLife                24.32 USD   
  Expenses:Health:Dental:Insurance                   2.90 USD   
  Expenses:Health:Medical:Insurance                 27.38 USD   
  Expenses:Health:Vision:Insurance                  42.30 USD   
  Expenses:Taxes:Y2015:US:Medicare                 106.62 USD   
  Expenses:Taxes:Y2015:US:Federal                 1062.92 USD   
  Expenses:Taxes:Y2015:US:State                    365.08 USD   
  Expenses:Taxes:Y2015:US:CityNYC                  174.92 USD   
  Expenses:Taxes:Y2015:US:SDI                        1.12 USD   
  Expenses:Taxes:Y2015:US:SocSec                   281.54 USD   
  Assets:US:Hoogle:Vacation                             5 VACHR 
  Income:US:Hoogle:Vacation                            -5 VACHR 

2015-07-30 * "Hoogle" "Payroll"
  Assets:US:BofA:Checking                         2550.60 USD   
  Assets:US:Federal:PreTax401k                       0.00 IRAUSD
  Income:US:Hoogle:Salary                        -4615.38 USD   
  Income:US:Hoogle:GroupTermLife                   -24.32 USD   
  Expenses:Health:Life:GroupTermLife                24.32 USD   
  Expenses:Health:Dental:Insurance                   2.90 USD   
  Expenses:Health:Medical:Insurance                 27.38 USD   
  Expenses:Health:Vision:Insurance                  42.30 USD   
  Expenses:Taxes:Y2015:US:Medicare                 106.62 USD   
  Expenses:Taxes:Y2015:US:Federal                 1062.92 USD   
  Expenses:Taxes:Y2015:US:State                    365.08 USD   
  Expenses:Taxes:Y2015:US:CityNYC                  174.92 USD   
  Expenses:Taxes:Y2015:US:SDI                        1.12 USD   
  Expenses:Taxes:Y2015:US:SocSec                   281.54 USD   
  Assets:US:Hoogle:Vacation                             5 VACHR 
  Income:US:Hoogle:Vacation                            -5 VACHR 

2015-08-13 * "Hoogle" "Payroll"
  Assets:US:BofA:Checking                         2550.60 USD   
  Assets:US:Federal:PreTax401k                       0.00 IRAUSD
  Income:US:Hoogle:Salary                        -4615.38 USD   
  Income:US:Hoogle:GroupTermLife                   -24.32 USD   
  Expenses:Health:Life:GroupTermLife                24.32 USD   
  Expenses:Health:Dental:Insurance                   2.90 USD   
  Expenses:Health:Medical:Insurance                 27.38 USD   
  Expenses:Health:Vision:Insurance                  42.30 USD   
  Expenses:Taxes:Y2015:US:Medicare                 106.62 USD   
  Expenses:Taxes:Y2015:US:Federal                 1062.92 USD   
  Expenses:Taxes:Y2015:US:State                    365.08 USD   
  Expenses:Taxes:Y2015:US:CityNYC                  174.92 USD   
  Expenses:Taxes:Y2015:US:SDI                        1.12 USD   
  Expenses:Taxes:Y2015:US:SocSec                   281.54 USD   
  Assets:US:Hoogle:Vacation                             5 VACHR 
  Income:US:Hoogle:Vacation                            -5 VACHR 

2015-08-27 * "Hoogle" "Payroll"
  Assets:US:BofA:Checking                         2550.60 USD   
  Assets:US:Federal:PreTax401k                       0.00 IRAUSD
  Income:US:Hoogle:Salary                        -4615.38 USD   
  Income:US:Hoogle:GroupTermLife                   -24.32 USD   
  Expenses:Health:Life:GroupTermLife                24.32 USD   
  Expenses:Health:Dental:Insurance                   2.90 USD   
  Expenses:Health:Medical:Insurance                 27.38 USD   
  Expenses:Health:Vision:Insurance                  42.30 USD   
  Expenses:Taxes:Y2015:US:Medicare                 106.62 USD   
  Expenses:Taxes:Y2015:US:Federal                 1062.92 USD   
  Expenses:Taxes:Y2015:US:State                    365.08 USD   
  Expenses:Taxes:Y2015:US:CityNYC                  174.92 USD   
  Expenses:Taxes:Y2015:US:SDI                        1.12 USD   
  Expenses:Taxes:Y2015:US:SocSec                   281.54 USD   
  Assets:US:Hoogle:Vacation                             5 VACHR 
  Income:US:Hoogle:Vacation                            -5 VACHR 

2015-09-10 * "Hoogle" "Payroll"
  Assets:US:BofA:Checking                         2550.60 USD   
  Assets:US:Federal:PreTax401k                       0.00 IRAUSD
  Income:US:Hoogle:Salary                        -4615.38 USD   
  Income:US:Hoogle:GroupTermLife                   -24.32 USD   
  Expenses:Health:Life:GroupTermLife                24.32 USD   
  Expenses:Health:Dental:Insurance                   2.90 USD   
  Expenses:Health:Medical:Insurance                 27.38 USD   
  Expenses:Health:Vision:Insurance                  42.30 USD   
  Expenses:Taxes:Y2015:US:Medicare                 106.62 USD   
  Expenses:Taxes:Y2015:US:Federal                 1062.92 USD   
  Expenses:Taxes:Y2015:US:State                    365.08 USD   
  Expenses:Taxes:Y2015:US:CityNYC                  174.92 USD   
  Expenses:Taxes:Y2015:US:SDI                        1.12 USD   
  Expenses:Taxes:Y2015:US:SocSec                   281.54 USD   
  Assets:US:Hoogle:Vacation                             5 VACHR 
  Income:US:Hoogle:Vacation                            -5 VACHR 

2015-09-24 * "Hoogle" "Payroll"
  Assets:US:BofA:Checking                         2550.60 USD   
  Assets:US:Federal:PreTax401k                       0.00 IRAUSD
  Income:US:Hoogle:Salary                        -4615.38 USD   
  Income:US:Hoogle:GroupTermLife                   -24.32 USD   
  Expenses:Health:Life:GroupTermLife                24.32 USD   
  Expenses:Health:Dental:Insurance                   2.90 USD   
  Expenses:Health:Medical:Insurance                 27.38 USD   
  Expenses:Health:Vision:Insurance                  42.30 USD   
  Expenses:Taxes:Y2015:US:Medicare                 106.62 USD   
  Expenses:Taxes:Y2015:US:Federal                 1062.92 USD   
  Expenses:Taxes:Y2015:US:State                    365.08 USD   
  Expenses:Taxes:Y2015:US:CityNYC                  174.92 USD   
  Expenses:Taxes:Y2015:US:SDI                        1.12 USD   
  Expenses:Taxes:Y2015:US:SocSec                   281.54 USD   
  Assets:US:Hoogle:Vacation                             5 VACHR 
  Income:US:Hoogle:Vacation                            -5 VACHR 

2015-10-08 * "Hoogle" "Payroll"
  Assets:US:BofA:Checking                         2550.60 USD   
  Assets:US:Federal:PreTax401k                       0.00 IRAUSD
  Income:US:Hoogle:Salary                        -4615.38 USD   
  Income:US:Hoogle:GroupTermLife                   -24.32 USD   
  Expenses:Health:Life:GroupTermLife                24.32 USD   
  Expenses:Health:Dental:Insurance                   2.90 USD   
  Expenses:Health:Medical:Insurance                 27.38 USD   
  Expenses:Health:Vision:Insurance                  42.30 USD   
  Expenses:Taxes:Y2015:US:Medicare                 106.62 USD   
  Expenses:Taxes:Y2015:US:Federal                 1062.92 USD   
  Expenses:Taxes:Y2015:US:State                    365.08 USD   
  Expenses:Taxes:Y2015:US:CityNYC                  174.92 USD   
  Expenses:Taxes:Y2015:US:SDI                        1.12 USD   
  Expenses:Taxes:Y2015:US:SocSec                   281.54 USD   
  Assets:US:Hoogle:Vacation                             5 VACHR 
  Income:US:Hoogle:Vacation                            -5 VACHR 

2015-10-22 * "Hoogle" "Payroll"
  Assets:US:BofA:Checking                         2550.60 USD   
  Assets:US:Federal:PreTax401k                       0.00 IRAUSD
  Income:US:Hoogle:Salary                        -4615.38 USD   
  Income:US:Hoogle:GroupTermLife                   -24.32 USD   
  Expenses:Health:Life:GroupTermLife                24.32 USD   
  Expenses:Health:Dental:Insurance                   2.90 USD   
  Expenses:Health:Medical:Insurance                 27.38 USD   
  Expenses:Health:Vision:Insurance                  42.30 USD   
  Expenses:Taxes:Y2015:US:Medicare                 106.62 USD   
  Expenses:Taxes:Y2015:US:Federal                 1062.92 USD   
  Expenses:Taxes:Y2015:US:State                    365.08 USD   
  Expenses:Taxes:Y2015:US:CityNYC                  174.92 USD   
  Expenses:Taxes:Y2015:US:SDI                        1.12 USD   
  Expenses:Taxes:Y2015:US:SocSec                   281.54 USD   
  Assets:US:Hoogle:Vacation                             5 VACHR 
  Income:US:Hoogle:Vacation                            -5 VACHR 

2015-11-05 * "Hoogle" "Payroll"
  Assets:US:BofA:Checking                         2550.60 USD   
  Assets:US:Federal:PreTax401k                       0.00 IRAUSD
  Income:US:Hoogle:Salary                        -4615.38 USD   
  Income:US:Hoogle:GroupTermLife                   -24.32 USD   
  Expenses:Health:Life:GroupTermLife                24.32 USD   
  Expenses:Health:Dental:Insurance                   2.90 USD   
  Expenses:Health:Medical:Insurance                 27.38 USD   
  Expenses:Health:Vision:Insurance                  42.30 USD   
  Expenses:Taxes:Y2015:US:Medicare                 106.62 USD   
  Expenses:Taxes:Y2015:US:Federal                 1062.92 USD   
  Expenses:Taxes:Y2015:US:State                    365.08 USD   
  Expenses:Taxes:Y2015:US:CityNYC                  174.92 USD   
  Expenses:Taxes:Y2015:US:SDI                        1.12 USD   
  Expenses:Taxes:Y2015:US:SocSec                   281.54 USD   
  Assets:US:Hoogle:Vacation                             5 VACHR 
  Income:US:Hoogle:Vacation                            -5 VACHR 

2015-11-19 * "Hoogle" "Payroll"
  Assets:US:BofA:Checking                         2550.60 USD   
  Assets:US:Federal:PreTax401k                       0.00 IRAUSD
  Income:US:Hoogle:Salary                        -4615.38 USD   
  Income:US:Hoogle:GroupTermLife                   -24.32 USD   
  Expenses:Health:Life:GroupTermLife                24.32 USD   
  Expenses:Health:Dental:Insurance                   2.90 USD   
  Expenses:Health:Medical:Insurance                 27.38 USD   
  Expenses:Health:Vision:Insurance                  42.30 USD   
  Expenses:Taxes:Y2015:US:Medicare                 106.62 USD   
  Expenses:Taxes:Y2015:US:Federal                 1062.92 USD   
  Expenses:Taxes:Y2015:US:State                    365.08 USD   
  Expenses:Taxes:Y2015:US:CityNYC                  174.92 USD   
  Expenses:Taxes:Y2015:US:SDI                        1.12 USD   
  Expenses:Taxes:Y2015:US:SocSec                   281.54 USD   
  Assets:US:Hoogle:Vacation                             5 VACHR 
  Income:US:Hoogle:Vacation                            -5 VACHR 

2015-12-03 * "Hoogle" "Payroll"
  Assets:US:BofA:Checking                         2589.06 USD   
  Assets:US:Federal:PreTax401k                       0.00 IRAUSD
  Income:US:Hoogle:Salary                        -4615.38 USD   
  Income:US:Hoogle:GroupTermLife                   -24.32 USD   
  Expenses:Health:Life:GroupTermLife                24.32 USD   
  Expenses:Health:Dental:Insurance                   2.90 USD   
  Expenses:Health:Medical:Insurance                 27.38 USD   
  Expenses:Health:Vision:Insurance                  42.30 USD   
  Expenses:Taxes:Y2015:US:Medicare                 106.62 USD   
  Expenses:Taxes:Y2015:US:Federal                 1062.92 USD   
  Expenses:Taxes:Y2015:US:State                    365.08 USD   
  Expenses:Taxes:Y2015:US:CityNYC                  174.92 USD   
  Expenses:Taxes:Y2015:US:SDI                        1.12 USD   
  Expenses:Taxes:Y2015:US:SocSec                   243.08 USD   
  Assets:US:Hoogle:Vacation                             5 VACHR 
  Income:US:Hoogle:Vacation                            -5 VACHR 

2015-12-17 * "Hoogle" "Payroll"
  Assets:US:BofA:Checking                         2832.14 USD   
  Assets:US:Federal:PreTax401k                       0.00 IRAUSD
  Income:US:Hoogle:Salary                        -4615.38 USD   
  Income:US:Hoogle:GroupTermLife                   -24.32 USD   
  Expenses:Health:Life:GroupTermLife                24.32 USD   
  Expenses:Health:Dental:Insurance                   2.90 USD   
  Expenses:Health:Medical:Insurance                 27.38 USD   
  Expenses:Health:Vision:Insurance                  42.30 USD   
  Expenses:Taxes:Y2015:US:Medicare                 106.62 USD   
  Expenses:Taxes:Y2015:US:Federal                 1062.92 USD   
  Expenses:Taxes:Y2015:US:State                    365.08 USD   
  Expenses:Taxes:Y2015:US:CityNYC                  174.92 USD   
  Expenses:Taxes:Y2015:US:SDI                        1.12 USD   
  Expenses:Taxes:Y2015:US:SocSec                     0.00 USD   
  Assets:US:Hoogle:Vacation                             5 VACHR 
  Income:US:Hoogle:Vacation                            -5 VACHR 

2015-12-31 * "Hoogle" "Payroll"
  Assets:US:BofA:Checking                         2832.14 USD   
  Assets:US:Federal:PreTax401k                       0.00 IRAUSD
  Income:US:Hoogle:Salary                        -4615.38 USD   
  Income:US:Hoogle:GroupTermLife                   -24.32 USD   
  Expenses:Health:Life:GroupTermLife                24.32 USD   
  Expenses:Health:Dental:Insurance                   2.90 USD   
  Expenses:Health:Medical:Insurance                 27.38 USD   
  Expenses:Health:Vision:Insurance                  42.30 USD   
  Expenses:Taxes:Y2015:US:Medicare                 106.62 USD   
  Expenses:Taxes:Y2015:US:Federal                 1062.92 USD   
  Expenses:Taxes:Y2015:US:State                    365.08 USD   
  Expenses:Taxes:Y2015:US:CityNYC                  174.92 USD   
  Expenses:Taxes:Y2015:US:SDI                        1.12 USD   
  Expenses:Taxes:Y2015:US:SocSec                     0.00 USD   
  Assets:US:Hoogle:Vacation                             5 VACHR 
  Income:US:Hoogle:Vacation                            -5 VACHR 

2016-01-14 * "Hoogle" "Payroll"
  Assets:US:BofA:Checking                         1350.60 USD   
  Assets:US:Vanguard:Cash                         1200.00 USD   
  Assets:US:Federal:PreTax401k                   -1200.00 IRAUSD
  Expenses:Taxes:Y2016:US:Federal:PreTax401k      1200.00 IRAUSD
  Income:US:Hoogle:Salary                        -4615.38 USD   
  Income:US:Hoogle:GroupTermLife                   -24.32 USD   
  Expenses:Health:Life:GroupTermLife                24.32 USD   
  Expenses:Health:Dental:Insurance                   2.90 USD   
  Expenses:Health:Medical:Insurance                 27.38 USD   
  Expenses:Health:Vision:Insurance                  42.30 USD   
  Expenses:Taxes:Y2016:US:Medicare                 106.62 USD   
  Expenses:Taxes:Y2016:US:Federal                 1062.92 USD   
  Expenses:Taxes:Y2016:US:State                    365.08 USD   
  Expenses:Taxes:Y2016:US:CityNYC                  174.92 USD   
  Expenses:Taxes:Y2016:US:SDI                        1.12 USD   
  Expenses:Taxes:Y2016:US:SocSec                   281.54 USD   
  Assets:US:Hoogle:Vacation                             5 VACHR 
  Income:US:Hoogle:Vacation                            -5 VACHR 

2016-01-28 * "Hoogle" "Payroll"
  Assets:US:BofA:Checking                         1350.60 USD   
  Assets:US:Vanguard:Cash                         1200.00 USD   
  Assets:US:Federal:PreTax401k                   -1200.00 IRAUSD
  Expenses:Taxes:Y2016:US:Federal:PreTax401k      1200.00 IRAUSD
  Income:US:Hoogle:Salary                        -4615.38 USD   
  Income:US:Hoogle:GroupTermLife                   -24.32 USD   
  Expenses:Health:Life:GroupTermLife                24.32 USD   
  Expenses:Health:Dental:Insurance                   2.90 USD   
  Expenses:Health:Medical:Insurance                 27.38 USD   
  Expenses:Health:Vision:Insurance                  42.30 USD   
  Expenses:Taxes:Y2016:US:Medicare                 106.62 USD   
  Expenses:Taxes:Y2016:US:Federal                 1062.92 USD   
  Expenses:Taxes:Y2016:US:State                    365.08 USD   
  Expenses:Taxes:Y2016:US:CityNYC                  174.92 USD   
  Expenses:Taxes:Y2016:US:SDI                        1.12 USD   
  Expenses:Taxes:Y2016:US:SocSec                   281.54 USD   
  Assets:US:Hoogle:Vacation                             5 VACHR 
  Income:US:Hoogle:Vacation                            -5 VACHR 

2016-02-11 * "Hoogle" "Payroll"
  Assets:US:BofA:Checking                         1350.60 USD   
  Assets:US:Vanguard:Cash                         1200.00 USD   
  Assets:US:Federal:PreTax401k                   -1200.00 IRAUSD
  Expenses:Taxes:Y2016:US:Federal:PreTax401k      1200.00 IRAUSD
  Income:US:Hoogle:Salary                        -4615.38 USD   
  Income:US:Hoogle:GroupTermLife                   -24.32 USD   
  Expenses:Health:Life:GroupTermLife                24.32 USD   
  Expenses:Health:Dental:Insurance                   2.90 USD   
  Expenses:Health:Medical:Insurance                 27.38 USD   
  Expenses:Health:Vision:Insurance                  42.30 USD   
  Expenses:Taxes:Y2016:US:Medicare                 106.62 USD   
  Expenses:Taxes:Y2016:US:Federal                 1062.92 USD   
  Expenses:Taxes:Y2016:US:State                    365.08 USD   
  Expenses:Taxes:Y2016:US:CityNYC                  174.92 USD   
  Expenses:Taxes:Y2016:US:SDI                        1.12 USD   
  Expenses:Taxes:Y2016:US:SocSec                   281.54 USD   
  Assets:US:Hoogle:Vacation                             5 VACHR 
  Income:US:Hoogle:Vacation                            -5 VACHR 

2016-02-25 * "Hoogle" "Payroll"
  Assets:US:BofA:Checking                         1350.60 USD   
  Assets:US:Vanguard:Cash                         1200.00 USD   
  Assets:US:Federal:PreTax401k                   -1200.00 IRAUSD
  Expenses:Taxes:Y2016:US:Federal:PreTax401k      1200.00 IRAUSD
  Income:US:Hoogle:Salary                        -4615.38 USD   
  Income:US:Hoogle:GroupTermLife                   -24.32 USD   
  Expenses:Health:Life:GroupTermLife                24.32 USD   
  Expenses:Health:Dental:Insurance                   2.90 USD   
  Expenses:Health:Medical:Insurance                 27.38 USD   
  Expenses:Health:Vision:Insurance                  42.30 USD   
  Expenses:Taxes:Y2016:US:Medicare                 106.62 USD   
  Expenses:Taxes:Y2016:US:Federal                 1062.92 USD   
  Expenses:Taxes:Y2016:US:State                    365.08 USD   
  Expenses:Taxes:Y2016:US:CityNYC                  174.92 USD   
  Expenses:Taxes:Y2016:US:SDI                        1.12 USD   
  Expenses:Taxes:Y2016:US:SocSec                   281.54 USD   
  Assets:US:Hoogle:Vacation                             5 VACHR 
  Income:US:Hoogle:Vacation                            -5 VACHR 

2016-03-10 * "Hoogle" "Payroll"
  Assets:US:BofA:Checking                         1350.60 USD   
  Assets:US:Vanguard:Cash                         1200.00 USD   
  Assets:US:Federal:PreTax401k                   -1200.00 IRAUSD
  Expenses:Taxes:Y2016:US:Federal:PreTax401k      1200.00 IRAUSD
  Income:US:Hoogle:Salary                        -4615.38 USD   
  Income:US:Hoogle:GroupTermLife                   -24.32 USD   
  Expenses:Health:Life:GroupTermLife                24.32 USD   
  Expenses:Health:Dental:Insurance                   2.90 USD   
  Expenses:Health:Medical:Insurance                 27.38 USD   
  Expenses:Health:Vision:Insurance                  42.30 USD   
  Expenses:Taxes:Y2016:US:Medicare                 106.62 USD   
  Expenses:Taxes:Y2016:US:Federal                 1062.92 USD   
  Expenses:Taxes:Y2016:US:State                    365.08 USD   
  Expenses:Taxes:Y2016:US:CityNYC                  174.92 USD   
  Expenses:Taxes:Y2016:US:SDI                        1.12 USD   
  Expenses:Taxes:Y2016:US:SocSec                   281.54 USD   
  Assets:US:Hoogle:Vacation                             5 VACHR 
  Income:US:Hoogle:Vacation                            -5 VACHR 

2016-03-24 * "Hoogle" "Payroll"
  Assets:US:BofA:Checking                         1350.60 USD   
  Assets:US:Vanguard:Cash                         1200.00 USD   
  Assets:US:Federal:PreTax401k                   -1200.00 IRAUSD
  Expenses:Taxes:Y2016:US:Federal:PreTax401k      1200.00 IRAUSD
  Income:US:Hoogle:Salary                        -4615.38 USD   
  Income:US:Hoogle:GroupTermLife                   -24.32 USD   
  Expenses:Health:Life:GroupTermLife                24.32 USD   
  Expenses:Health:Dental:Insurance                   2.90 USD   
  Expenses:Health:Medical:Insurance                 27.38 USD   
  Expenses:Health:Vision:Insurance                  42.30 USD   
  Expenses:Taxes:Y2016:US:Medicare                 106.62 USD   
  Expenses:Taxes:Y2016:US:Federal                 1062.92 USD   
  Expenses:Taxes:Y2016:US:State                    365.08 USD   
  Expenses:Taxes:Y2016:US:CityNYC                  174.92 USD   
  Expenses:Taxes:Y2016:US:SDI                        1.12 USD   
  Expenses:Taxes:Y2016:US:SocSec                   281.54 USD   
  Assets:US:Hoogle:Vacation                             5 VACHR 
  Income:US:Hoogle:Vacation                            -5 VACHR 

2016-04-07 * "Hoogle" "Payroll"
  Assets:US:BofA:Checking                         1350.60 USD   
  Assets:US:Vanguard:Cash                         1200.00 USD   
  Assets:US:Federal:PreTax401k                   -1200.00 IRAUSD
  Expenses:Taxes:Y2016:US:Federal:PreTax401k      1200.00 IRAUSD
  Income:US:Hoogle:Salary                        -4615.38 USD   
  Income:US:Hoogle:GroupTermLife                   -24.32 USD   
  Expenses:Health:Life:GroupTermLife                24.32 USD   
  Expenses:Health:Dental:Insurance                   2.90 USD   
  Expenses:Health:Medical:Insurance                 27.38 USD   
  Expenses:Health:Vision:Insurance                  42.30 USD   
  Expenses:Taxes:Y2016:US:Medicare                 106.62 USD   
  Expenses:Taxes:Y2016:US:Federal                 1062.92 USD   
  Expenses:Taxes:Y2016:US:State                    365.08 USD   
  Expenses:Taxes:Y2016:US:CityNYC                  174.92 USD   
  Expenses:Taxes:Y2016:US:SDI                        1.12 USD   
  Expenses:Taxes:Y2016:US:SocSec                   281.54 USD   
  Assets:US:Hoogle:Vacation                             5 VACHR 
  Income:US:Hoogle:Vacation                            -5 VACHR 

2016-04-21 * "Hoogle" "Payroll"
  Assets:US:BofA:Checking                         1350.60 USD   
  Assets:US:Vanguard:Cash                         1200.00 USD   
  Assets:US:Federal:PreTax401k                   -1200.00 IRAUSD
  Expenses:Taxes:Y2016:US:Federal:PreTax401k      1200.00 IRAUSD
  Income:US:Hoogle:Salary                        -4615.38 USD   
  Income:US:Hoogle:GroupTermLife                   -24.32 USD   
  Expenses:Health:Life:GroupTermLife                24.32 USD   
  Expenses:Health:Dental:Insurance                   2.90 USD   
  Expenses:Health:Medical:Insurance                 27.38 USD   
  Expenses:Health:Vision:Insurance                  42.30 USD   
  Expenses:Taxes:Y2016:US:Medicare                 106.62 USD   
  Expenses:Taxes:Y2016:US:Federal                 1062.92 USD   
  Expenses:Taxes:Y2016:US:State                    365.08 USD   
  Expenses:Taxes:Y2016:US:CityNYC                  174.92 USD   
  Expenses:Taxes:Y2016:US:SDI                        1.12 USD   
  Expenses:Taxes:Y2016:US:SocSec                   281.54 USD   
  Assets:US:Hoogle:Vacation                             5 VACHR 
  Income:US:Hoogle:Vacation                            -5 VACHR 

;; 2016-05-05 * "Hoogle" "Payroll"
;;   Assets:US:BofA:Checking                         1350.60 USD   
;;   Assets:US:Vanguard:Cash                         1200.00 USD   
;;   Assets:US:Federal:PreTax401k                   -1200.00 IRAUSD
;;   Expenses:Taxes:Y2016:US:Federal:PreTax401k      1200.00 IRAUSD
;;   Income:US:Hoogle:Salary                        -4615.38 USD   
;;   Income:US:Hoogle:GroupTermLife                   -24.32 USD   
;;   Expenses:Health:Life:GroupTermLife                24.32 USD   
;;   Expenses:Health:Dental:Insurance                   2.90 USD   
;;   Expenses:Health:Medical:Insurance                 27.38 USD   
;;   Expenses:Health:Vision:Insurance                  42.30 USD   
;;   Expenses:Taxes:Y2016:US:Medicare                 106.62 USD   
;;   Expenses:Taxes:Y2016:US:Federal                 1062.92 USD   
;;   Expenses:Taxes:Y2016:US:State                    365.08 USD   
;;   Expenses:Taxes:Y2016:US:CityNYC                  174.92 USD   
;;   Expenses:Taxes:Y2016:US:SDI                        1.12 USD   
;;   Expenses:Taxes:Y2016:US:SocSec                   281.54 USD   
;;   Assets:US:Hoogle:Vacation                             5 VACHR 
;;   Income:US:Hoogle:Vacation                            -5 VACHR 



* Taxes

1980-05-12 open Income:US:Federal:PreTax401k                    IRAUSD
1980-05-12 open Assets:US:Federal:PreTax401k                    IRAUSD



** Tax Year 2014

2014-01-01 open Expenses:Taxes:Y2014:US:Federal:PreTax401k      IRAUSD
2014-01-01 open Expenses:Taxes:Y2014:US:Medicare                USD
2014-01-01 open Expenses:Taxes:Y2014:US:Federal                 USD
2014-01-01 open Expenses:Taxes:Y2014:US:CityNYC                 USD
2014-01-01 open Expenses:Taxes:Y2014:US:SDI                     USD
2014-01-01 open Expenses:Taxes:Y2014:US:State                   USD
2014-01-01 open Expenses:Taxes:Y2014:US:SocSec                  USD

2014-01-01 balance Assets:US:Federal:PreTax401k         0 IRAUSD

2014-01-01 * "Allowed contributions for one year"
  Income:US:Federal:PreTax401k                     -17500 IRAUSD
  Assets:US:Federal:PreTax401k                      17500 IRAUSD

2015-03-23 * "Filing taxes for 2014"
  Expenses:Taxes:Y2014:US:Federal                  412.30 USD
  Expenses:Taxes:Y2014:US:State                    289.19 USD
  Liabilities:AccountsPayable                     -701.49 USD

2015-03-26 * "STATE TAX & FINANC PYMT"
  Assets:US:BofA:Checking                         -289.19 USD
  Liabilities:AccountsPayable                      289.19 USD

2015-03-27 * "FEDERAL TAXPYMT"
  Assets:US:BofA:Checking                         -412.30 USD
  Liabilities:AccountsPayable                      412.30 USD



** Tax Year 2015

2015-01-01 open Expenses:Taxes:Y2015:US:Federal:PreTax401k      IRAUSD
2015-01-01 open Expenses:Taxes:Y2015:US:Medicare                USD
2015-01-01 open Expenses:Taxes:Y2015:US:Federal                 USD
2015-01-01 open Expenses:Taxes:Y2015:US:CityNYC                 USD
2015-01-01 open Expenses:Taxes:Y2015:US:SDI                     USD
2015-01-01 open Expenses:Taxes:Y2015:US:State                   USD
2015-01-01 open Expenses:Taxes:Y2015:US:SocSec                  USD

2015-01-01 balance Assets:US:Federal:PreTax401k         0 IRAUSD

2015-01-01 * "Allowed contributions for one year"
  Income:US:Federal:PreTax401k                     -18000 IRAUSD
  Assets:US:Federal:PreTax401k                      18000 IRAUSD

2016-03-25 * "Filing taxes for 2015"
  Expenses:Taxes:Y2015:US:Federal                  338.05 USD
  Expenses:Taxes:Y2015:US:State                    438.08 USD
  Liabilities:AccountsPayable                     -776.13 USD

2016-03-25 * "STATE TAX & FINANC PYMT"
  Assets:US:BofA:Checking                         -438.08 USD
  Liabilities:AccountsPayable                      438.08 USD

2016-03-28 * "FEDERAL TAXPYMT"
  Assets:US:BofA:Checking                         -338.05 USD
  Liabilities:AccountsPayable                      338.05 USD



** Tax Year 2016

2016-01-01 open Expenses:Taxes:Y2016:US:Federal:PreTax401k      IRAUSD
2016-01-01 open Expenses:Taxes:Y2016:US:Medicare                USD
2016-01-01 open Expenses:Taxes:Y2016:US:Federal                 USD
2016-01-01 open Expenses:Taxes:Y2016:US:CityNYC                 USD
2016-01-01 open Expenses:Taxes:Y2016:US:SDI                     USD
2016-01-01 open Expenses:Taxes:Y2016:US:State                   USD
2016-01-01 open Expenses:Taxes:Y2016:US:SocSec                  USD

2016-01-01 balance Assets:US:Federal:PreTax401k         0 IRAUSD

2016-01-01 * "Allowed contributions for one year"
  Income:US:Federal:PreTax401k                     -18000 IRAUSD
  Assets:US:Federal:PreTax401k                      18000 IRAUSD



* Expenses

1980-05-12 open Expenses:Food:Groceries
1980-05-12 open Expenses:Food:Restaurant
1980-05-12 open Expenses:Food:Coffee
1980-05-12 open Expenses:Food:Alcohol
1980-05-12 open Expenses:Transport:Tram
1980-05-12 open Expenses:Home:Rent
1980-05-12 open Expenses:Home:Electricity
1980-05-12 open Expenses:Home:Internet
1980-05-12 open Expenses:Home:Phone
1980-05-12 open Expenses:Financial:Fees
1980-05-12 open Expenses:Financial:Commissions



* Prices

2014-01-03 price VBMPX                              77.69 USD
2014-01-03 price RGAGX                             128.46 USD
2014-01-03 price ITOT                               56.66 USD
2014-01-03 price VEA                               191.05 USD
2014-01-03 price VHT                                76.14 USD
2014-01-03 price GLD                                52.56 USD
2014-01-10 price VBMPX                              78.58 USD
2014-01-10 price RGAGX                             129.73 USD
2014-01-10 price ITOT                               56.27 USD
2014-01-10 price VEA                               191.26 USD
2014-01-10 price VHT                                78.03 USD
2014-01-10 price GLD                                53.92 USD
2014-01-17 price VBMPX                              79.11 USD
2014-01-17 price RGAGX                             130.97 USD
2014-01-17 price ITOT                               56.23 USD
2014-01-17 price VEA                               192.89 USD
2014-01-17 price VHT                                78.70 USD
2014-01-17 price GLD                                53.47 USD
2014-01-24 price VBMPX                              79.40 USD
2014-01-24 price RGAGX                             130.86 USD
2014-01-24 price ITOT                               56.02 USD
2014-01-24 price VEA                               193.90 USD
2014-01-24 price VHT                                77.72 USD
2014-01-24 price GLD                                52.58 USD
2014-01-31 price VBMPX                              80.12 USD
2014-01-31 price RGAGX                             130.45 USD
2014-01-31 price ITOT                               55.98 USD
2014-01-31 price VEA                               193.79 USD
2014-01-31 price VHT                                75.23 USD
2014-01-31 price GLD                                52.37 USD
2014-02-07 price VBMPX                              80.56 USD
2014-02-07 price RGAGX                             129.84 USD
2014-02-07 price ITOT                               56.51 USD
2014-02-07 price VEA                               193.56 USD
2014-02-07 price VHT                                76.77 USD
2014-02-07 price GLD                                52.82 USD
2014-02-14 price VBMPX                              80.84 USD
2014-02-14 price RGAGX                             130.07 USD
2014-02-14 price ITOT                               56.80 USD
2014-02-14 price VEA                               192.24 USD
2014-02-14 price VHT                                76.04 USD
2014-02-14 price GLD                                53.39 USD
2014-02-21 price VBMPX                              81.31 USD
2014-02-21 price RGAGX                             129.77 USD
2014-02-21 price ITOT                               57.19 USD
2014-02-21 price VEA                               193.80 USD
2014-02-21 price VHT                                78.80 USD
2014-02-21 price GLD                                54.50 USD
2014-02-28 price VBMPX                              80.76 USD
2014-02-28 price RGAGX                             130.54 USD
2014-02-28 price ITOT                               57.03 USD
2014-02-28 price VEA                               196.68 USD
2014-02-28 price VHT                                77.70 USD
2014-02-28 price GLD                                55.96 USD
2014-03-07 price VBMPX                              80.77 USD
2014-03-07 price RGAGX                             130.58 USD
2014-03-07 price ITOT                               56.49 USD
2014-03-07 price VEA                               196.38 USD
2014-03-07 price VHT                                77.99 USD
2014-03-07 price GLD                                57.02 USD
2014-03-14 price VBMPX                              79.78 USD
2014-03-14 price RGAGX                             129.37 USD
2014-03-14 price ITOT                               56.51 USD
2014-03-14 price VEA                               195.57 USD
2014-03-14 price VHT                                76.27 USD
2014-03-14 price GLD                                56.53 USD
2014-03-21 price VBMPX                              79.76 USD
2014-03-21 price RGAGX                             128.85 USD
2014-03-21 price ITOT                               56.57 USD
2014-03-21 price VEA                               196.35 USD
2014-03-21 price VHT                                78.13 USD
2014-03-21 price GLD                                55.51 USD
2014-03-28 price VBMPX                              80.35 USD
2014-03-28 price RGAGX                             128.31 USD
2014-03-28 price ITOT                               56.25 USD
2014-03-28 price VEA                               194.12 USD
2014-03-28 price VHT                                77.77 USD
2014-03-28 price GLD                                56.28 USD
2014-04-04 price VBMPX                              80.86 USD
2014-04-04 price RGAGX                             127.43 USD
2014-04-04 price ITOT                               56.26 USD
2014-04-04 price VEA                               193.88 USD
2014-04-04 price VHT                                75.88 USD
2014-04-04 price GLD                                56.27 USD
2014-04-11 price VBMPX                              80.95 USD
2014-04-11 price RGAGX                             127.82 USD
2014-04-11 price ITOT                               56.41 USD
2014-04-11 price VEA                               192.44 USD
2014-04-11 price VHT                                76.28 USD
2014-04-11 price GLD                                55.43 USD
2014-04-18 price VBMPX                              81.21 USD
2014-04-18 price RGAGX                             128.26 USD
2014-04-18 price ITOT                               56.89 USD
2014-04-18 price VEA                               195.86 USD
2014-04-18 price VHT                                76.53 USD
2014-04-18 price GLD                                55.94 USD
2014-04-25 price VBMPX                              81.46 USD
2014-04-25 price RGAGX                             128.44 USD
2014-04-25 price ITOT                               56.53 USD
2014-04-25 price VEA                               198.06 USD
2014-04-25 price VHT                                77.51 USD
2014-04-25 price GLD                                57.98 USD
2014-05-02 price VBMPX                              80.31 USD
2014-05-02 price RGAGX                             128.72 USD
2014-05-02 price ITOT                               57.01 USD
2014-05-02 price VEA                               195.80 USD
2014-05-02 price VHT                                77.40 USD
2014-05-02 price GLD                                58.60 USD
2014-05-09 price VBMPX                              80.68 USD
2014-05-09 price RGAGX                             129.79 USD
2014-05-09 price ITOT                               56.69 USD
2014-05-09 price VEA                               193.82 USD
2014-05-09 price VHT                                81.09 USD
2014-05-09 price GLD                                58.08 USD
2014-05-16 price VBMPX                              80.26 USD
2014-05-16 price RGAGX                             130.05 USD
2014-05-16 price ITOT                               56.34 USD
2014-05-16 price VEA                               193.85 USD
2014-05-16 price VHT                                81.45 USD
2014-05-16 price GLD                                58.52 USD
2014-05-23 price VBMPX                              79.96 USD
2014-05-23 price RGAGX                             130.36 USD
2014-05-23 price ITOT                               56.13 USD
2014-05-23 price VEA                               192.00 USD
2014-05-23 price VHT                                81.91 USD
2014-05-23 price GLD                                58.19 USD
2014-05-30 price VBMPX                              79.74 USD
2014-05-30 price RGAGX                             130.74 USD
2014-05-30 price ITOT                               56.07 USD
2014-05-30 price VEA                               193.51 USD
2014-05-30 price VHT                                81.02 USD
2014-05-30 price GLD                                57.85 USD
2014-06-06 price VBMPX                              80.36 USD
2014-06-06 price RGAGX                             130.25 USD
2014-06-06 price ITOT                               56.31 USD
2014-06-06 price VEA                               192.27 USD
2014-06-06 price VHT                                82.44 USD
2014-06-06 price GLD                                56.99 USD
2014-06-13 price VBMPX                              79.57 USD
2014-06-13 price RGAGX                             130.29 USD
2014-06-13 price ITOT                               55.90 USD
2014-06-13 price VEA                               193.77 USD
2014-06-13 price VHT                                82.97 USD
2014-06-13 price GLD                                56.24 USD
2014-06-20 price VBMPX                              79.72 USD
2014-06-20 price RGAGX                             130.43 USD
2014-06-20 price ITOT                               55.73 USD
2014-06-20 price VEA                               196.46 USD
2014-06-20 price VHT                                82.08 USD
2014-06-20 price GLD                                56.12 USD
2014-06-27 price VBMPX                              80.04 USD
2014-06-27 price RGAGX                             130.92 USD
2014-06-27 price ITOT                               55.93 USD
2014-06-27 price VEA                               196.51 USD
2014-06-27 price VHT                                81.61 USD
2014-06-27 price GLD                                56.42 USD
2014-07-04 price VBMPX                              80.71 USD
2014-07-04 price RGAGX                             131.33 USD
2014-07-04 price ITOT                               55.82 USD
2014-07-04 price VEA                               195.86 USD
2014-07-04 price VHT                                81.43 USD
2014-07-04 price GLD                                56.45 USD
2014-07-11 price VBMPX                              81.37 USD
2014-07-11 price RGAGX                             131.90 USD
2014-07-11 price ITOT                               56.76 USD
2014-07-11 price VEA                               199.73 USD
2014-07-11 price VHT                                81.54 USD
2014-07-11 price GLD                                57.14 USD
2014-07-18 price VBMPX                              81.63 USD
2014-07-18 price RGAGX                             131.37 USD
2014-07-18 price ITOT                               56.75 USD
2014-07-18 price VEA                               199.73 USD
2014-07-18 price VHT                                81.28 USD
2014-07-18 price GLD                                58.31 USD
2014-07-25 price VBMPX                              81.00 USD
2014-07-25 price RGAGX                             132.00 USD
2014-07-25 price ITOT                               57.12 USD
2014-07-25 price VEA                               199.03 USD
2014-07-25 price VHT                                81.10 USD
2014-07-25 price GLD                                60.05 USD
2014-08-01 price VBMPX                              81.42 USD
2014-08-01 price RGAGX                             131.68 USD
2014-08-01 price ITOT                               57.25 USD
2014-08-01 price VEA                               198.28 USD
2014-08-01 price VHT                                80.64 USD
2014-08-01 price GLD                                60.81 USD
2014-08-08 price VBMPX                              82.39 USD
2014-08-08 price RGAGX                             131.50 USD
2014-08-08 price ITOT                               57.44 USD
2014-08-08 price VEA                               198.65 USD
2014-08-08 price VHT                                82.23 USD
2014-08-08 price GLD                                59.60 USD
2014-08-15 price VBMPX                              83.29 USD
2014-08-15 price RGAGX                             132.76 USD
2014-08-15 price ITOT                               57.75 USD
2014-08-15 price VEA                               201.31 USD
2014-08-15 price VHT                                79.41 USD
2014-08-15 price GLD                                59.11 USD
2014-08-22 price VBMPX                              83.81 USD
2014-08-22 price RGAGX                             132.45 USD
2014-08-22 price ITOT                               58.16 USD
2014-08-22 price VEA                               202.85 USD
2014-08-22 price VHT                                78.96 USD
2014-08-22 price GLD                                61.05 USD
2014-08-29 price VBMPX                              84.68 USD
2014-08-29 price RGAGX                             132.97 USD
2014-08-29 price ITOT                               58.60 USD
2014-08-29 price VEA                               203.61 USD
2014-08-29 price VHT                                79.51 USD
2014-08-29 price GLD                                61.18 USD
2014-09-05 price VBMPX                              84.65 USD
2014-09-05 price RGAGX                             133.76 USD
2014-09-05 price ITOT                               58.75 USD
2014-09-05 price VEA                               203.72 USD
2014-09-05 price VHT                                79.29 USD
2014-09-05 price GLD                                61.94 USD
2014-09-12 price VBMPX                              84.57 USD
2014-09-12 price RGAGX                             135.01 USD
2014-09-12 price ITOT                               59.49 USD
2014-09-12 price VEA                               205.26 USD
2014-09-12 price VHT                                79.47 USD
2014-09-12 price GLD                                60.97 USD
2014-09-19 price VBMPX                              84.24 USD
2014-09-19 price RGAGX                             134.57 USD
2014-09-19 price ITOT                               59.28 USD
2014-09-19 price VEA                               204.23 USD
2014-09-19 price VHT                                82.08 USD
2014-09-19 price GLD                                60.93 USD
2014-09-26 price VBMPX                              85.00 USD
2014-09-26 price RGAGX                             134.65 USD
2014-09-26 price ITOT                               60.13 USD
2014-09-26 price VEA                               206.10 USD
2014-09-26 price VHT                                80.34 USD
2014-09-26 price GLD                                62.06 USD
2014-10-03 price VBMPX                              84.98 USD
2014-10-03 price RGAGX                             135.00 USD
2014-10-03 price ITOT                               60.05 USD
2014-10-03 price VEA                               204.58 USD
2014-10-03 price VHT                                81.48 USD
2014-10-03 price GLD                                61.98 USD
2014-10-10 price VBMPX                              84.71 USD
2014-10-10 price RGAGX                             134.92 USD
2014-10-10 price ITOT                               60.15 USD
2014-10-10 price VEA                               204.97 USD
2014-10-10 price VHT                                82.37 USD
2014-10-10 price GLD                                61.87 USD
2014-10-17 price VBMPX                              84.66 USD
2014-10-17 price RGAGX                             136.28 USD
2014-10-17 price ITOT                               60.25 USD
2014-10-17 price VEA                               207.39 USD
2014-10-17 price VHT                                81.72 USD
2014-10-17 price GLD                                62.61 USD
2014-10-24 price VBMPX                              83.83 USD
2014-10-24 price RGAGX                             136.01 USD
2014-10-24 price ITOT                               60.30 USD
2014-10-24 price VEA                               210.93 USD
2014-10-24 price VHT                                80.97 USD
2014-10-24 price GLD                                60.79 USD
2014-10-31 price VBMPX                              84.17 USD
2014-10-31 price RGAGX                             136.40 USD
2014-10-31 price ITOT                               60.90 USD
2014-10-31 price VEA                               210.33 USD
2014-10-31 price VHT                                81.25 USD
2014-10-31 price GLD                                60.70 USD
2014-11-07 price VBMPX                              83.62 USD
2014-11-07 price RGAGX                             136.29 USD
2014-11-07 price ITOT                               61.04 USD
2014-11-07 price VEA                               212.28 USD
2014-11-07 price VHT                                82.05 USD
2014-11-07 price GLD                                60.56 USD
2014-11-14 price VBMPX                              83.52 USD
2014-11-14 price RGAGX                             136.29 USD
2014-11-14 price ITOT                               61.38 USD
2014-11-14 price VEA                               211.51 USD
2014-11-14 price VHT                                81.16 USD
2014-11-14 price GLD                                63.62 USD
2014-11-21 price VBMPX                              84.42 USD
2014-11-21 price RGAGX                             136.93 USD
2014-11-21 price ITOT                               61.03 USD
2014-11-21 price VEA                               213.26 USD
2014-11-21 price VHT                                82.45 USD
2014-11-21 price GLD                                61.87 USD
2014-11-28 price VBMPX                              84.57 USD
2014-11-28 price RGAGX                             137.98 USD
2014-11-28 price ITOT                               60.47 USD
2014-11-28 price VEA                               213.21 USD
2014-11-28 price VHT                                84.18 USD
2014-11-28 price GLD                                59.75 USD
2014-12-05 price VBMPX                              84.14 USD
2014-12-05 price RGAGX                             137.15 USD
2014-12-05 price ITOT                               60.85 USD
2014-12-05 price VEA                               211.87 USD
2014-12-05 price VHT                                82.35 USD
2014-12-05 price GLD                                59.82 USD
2014-12-12 price VBMPX                              84.12 USD
2014-12-12 price RGAGX                             135.89 USD
2014-12-12 price ITOT                               60.42 USD
2014-12-12 price VEA                               210.75 USD
2014-12-12 price VHT                                81.26 USD
2014-12-12 price GLD                                59.85 USD
2014-12-19 price VBMPX                              84.09 USD
2014-12-19 price RGAGX                             136.49 USD
2014-12-19 price ITOT                               60.93 USD
2014-12-19 price VEA                               209.91 USD
2014-12-19 price VHT                                80.73 USD
2014-12-19 price GLD                                59.01 USD
2014-12-26 price VBMPX                              83.37 USD
2014-12-26 price RGAGX                             136.53 USD
2014-12-26 price ITOT                               60.98 USD
2014-12-26 price VEA                               209.74 USD
2014-12-26 price VHT                                80.38 USD
2014-12-26 price GLD                                59.08 USD
2015-01-02 price VBMPX                              83.38 USD
2015-01-02 price RGAGX                             137.63 USD
2015-01-02 price ITOT                               60.65 USD
2015-01-02 price VEA                               208.55 USD
2015-01-02 price VHT                                79.83 USD
2015-01-02 price GLD                                58.48 USD
2015-01-09 price VBMPX                              83.18 USD
2015-01-09 price RGAGX                             137.21 USD
2015-01-09 price ITOT                               60.40 USD
2015-01-09 price VEA                               208.34 USD
2015-01-09 price VHT                                78.57 USD
2015-01-09 price GLD                                57.36 USD
2015-01-16 price VBMPX                              83.31 USD
2015-01-16 price RGAGX                             137.25 USD
2015-01-16 price ITOT                               61.02 USD
2015-01-16 price VEA                               209.85 USD
2015-01-16 price VHT                                77.74 USD
2015-01-16 price GLD                                58.05 USD
2015-01-23 price VBMPX                              83.45 USD
2015-01-23 price RGAGX                             137.84 USD
2015-01-23 price ITOT                               60.64 USD
2015-01-23 price VEA                               209.72 USD
2015-01-23 price VHT                                78.61 USD
2015-01-23 price GLD                                58.64 USD
2015-01-30 price VBMPX                              83.62 USD
2015-01-30 price RGAGX                             138.39 USD
2015-01-30 price ITOT                               60.61 USD
2015-01-30 price VEA                               210.96 USD
2015-01-30 price VHT                                80.28 USD
2015-01-30 price GLD                                58.81 USD
2015-02-06 price VBMPX                              83.64 USD
2015-02-06 price RGAGX                             138.52 USD
2015-02-06 price ITOT                               61.05 USD
2015-02-06 price VEA                               210.86 USD
2015-02-06 price VHT                                78.74 USD
2015-02-06 price GLD                                57.26 USD
2015-02-13 price VBMPX                              83.78 USD
2015-02-13 price RGAGX                             139.26 USD
2015-02-13 price ITOT                               61.39 USD
2015-02-13 price VEA                               212.71 USD
2015-02-13 price VHT                                78.58 USD
2015-02-13 price GLD                                57.28 USD
2015-02-20 price VBMPX                              82.89 USD
2015-02-20 price RGAGX                             139.38 USD
2015-02-20 price ITOT                               61.02 USD
2015-02-20 price VEA                               215.30 USD
2015-02-20 price VHT                                78.15 USD
2015-02-20 price GLD                                58.91 USD
2015-02-27 price VBMPX                              82.94 USD
2015-02-27 price RGAGX                             139.74 USD
2015-02-27 price ITOT                               60.87 USD
2015-02-27 price VEA                               213.54 USD
2015-02-27 price VHT                                79.96 USD
2015-02-27 price GLD                                58.44 USD
2015-03-06 price VBMPX                              82.73 USD
2015-03-06 price RGAGX                             140.70 USD
2015-03-06 price ITOT                               60.61 USD
2015-03-06 price VEA                               211.36 USD
2015-03-06 price VHT                                79.26 USD
2015-03-06 price GLD                                57.58 USD
2015-03-13 price VBMPX                              83.22 USD
2015-03-13 price RGAGX                             140.52 USD
2015-03-13 price ITOT                               60.86 USD
2015-03-13 price VEA                               212.85 USD
2015-03-13 price VHT                                79.01 USD
2015-03-13 price GLD                                56.82 USD
2015-03-20 price VBMPX                              84.10 USD
2015-03-20 price RGAGX                             139.52 USD
2015-03-20 price ITOT                               60.59 USD
2015-03-20 price VEA                               211.02 USD
2015-03-20 price VHT                                77.72 USD
2015-03-20 price GLD                                56.83 USD
2015-03-27 price VBMPX                              83.58 USD
2015-03-27 price RGAGX                             140.06 USD
2015-03-27 price ITOT                               60.71 USD
2015-03-27 price VEA                               210.47 USD
2015-03-27 price VHT                                76.86 USD
2015-03-27 price GLD                                56.58 USD
2015-04-03 price VBMPX                              84.78 USD
2015-04-03 price RGAGX                             140.54 USD
2015-04-03 price ITOT                               60.46 USD
2015-04-03 price VEA                               212.37 USD
2015-04-03 price VHT                                76.01 USD
2015-04-03 price GLD                                54.70 USD
2015-04-10 price VBMPX                              85.15 USD
2015-04-10 price RGAGX                             140.80 USD
2015-04-10 price ITOT                               60.89 USD
2015-04-10 price VEA                               214.64 USD
2015-04-10 price VHT                                76.09 USD
2015-04-10 price GLD                                54.62 USD
2015-04-17 price VBMPX                              84.97 USD
2015-04-17 price RGAGX                             140.42 USD
2015-04-17 price ITOT                               61.56 USD
2015-04-17 price VEA                               210.68 USD
2015-04-17 price VHT                                75.37 USD
2015-04-17 price GLD                                55.02 USD
2015-04-24 price VBMPX                              84.42 USD
2015-04-24 price RGAGX                             139.89 USD
2015-04-24 price ITOT                               61.26 USD
2015-04-24 price VEA                               208.75 USD
2015-04-24 price VHT                                74.28 USD
2015-04-24 price GLD                                54.00 USD
2015-05-01 price VBMPX                              84.59 USD
2015-05-01 price RGAGX                             139.83 USD
2015-05-01 price ITOT                               61.20 USD
2015-05-01 price VEA                               206.91 USD
2015-05-01 price VHT                                74.29 USD
2015-05-01 price GLD                                54.89 USD
2015-05-08 price VBMPX                              85.17 USD
2015-05-08 price RGAGX                             139.48 USD
2015-05-08 price ITOT                               61.66 USD
2015-05-08 price VEA                               205.36 USD
2015-05-08 price VHT                                73.25 USD
2015-05-08 price GLD                                53.76 USD
2015-05-15 price VBMPX                              85.16 USD
2015-05-15 price RGAGX                             139.60 USD
2015-05-15 price ITOT                               61.66 USD
2015-05-15 price VEA                               204.57 USD
2015-05-15 price VHT                                71.82 USD
2015-05-15 price GLD                                53.81 USD
2015-05-22 price VBMPX                              84.99 USD
2015-05-22 price RGAGX                             139.93 USD
2015-05-22 price ITOT                               61.60 USD
2015-05-22 price VEA                               204.20 USD
2015-05-22 price VHT                                70.34 USD
2015-05-22 price GLD                                54.17 USD
2015-05-29 price VBMPX                              85.01 USD
2015-05-29 price RGAGX                             139.55 USD
2015-05-29 price ITOT                               61.97 USD
2015-05-29 price VEA                               203.09 USD
2015-05-29 price VHT                                70.29 USD
2015-05-29 price GLD                                55.84 USD
2015-06-05 price VBMPX                              85.16 USD
2015-06-05 price RGAGX                             140.85 USD
2015-06-05 price ITOT                               62.14 USD
2015-06-05 price VEA                               202.52 USD
2015-06-05 price VHT                                70.09 USD
2015-06-05 price GLD                                55.30 USD
2015-06-12 price VBMPX                              85.39 USD
2015-06-12 price RGAGX                             140.30 USD
2015-06-12 price ITOT                               61.91 USD
2015-06-12 price VEA                               202.91 USD
2015-06-12 price VHT                                69.06 USD
2015-06-12 price GLD                                56.93 USD
2015-06-19 price VBMPX                              85.46 USD
2015-06-19 price RGAGX                             138.58 USD
2015-06-19 price ITOT                               62.50 USD
2015-06-19 price VEA                               201.71 USD
2015-06-19 price VHT                                69.47 USD
2015-06-19 price GLD                                56.56 USD
2015-06-26 price VBMPX                              85.64 USD
2015-06-26 price RGAGX                             138.19 USD
2015-06-26 price ITOT                               62.72 USD
2015-06-26 price VEA                               201.95 USD
2015-06-26 price VHT                                68.77 USD
2015-06-26 price GLD                                55.06 USD
2015-07-03 price VBMPX                              85.80 USD
2015-07-03 price RGAGX                             139.24 USD
2015-07-03 price ITOT                               62.89 USD
2015-07-03 price VEA                               200.15 USD
2015-07-03 price VHT                                68.65 USD
2015-07-03 price GLD                                54.41 USD
2015-07-10 price VBMPX                              86.21 USD
2015-07-10 price RGAGX                             139.36 USD
2015-07-10 price ITOT                               62.47 USD
2015-07-10 price VEA                               200.56 USD
2015-07-10 price VHT                                67.52 USD
2015-07-10 price GLD                                55.08 USD
2015-07-17 price VBMPX                              86.31 USD
2015-07-17 price RGAGX                             139.29 USD
2015-07-17 price ITOT                               62.36 USD
2015-07-17 price VEA                               199.89 USD
2015-07-17 price VHT                                67.86 USD
2015-07-17 price GLD                                54.85 USD
2015-07-24 price VBMPX                              86.44 USD
2015-07-24 price RGAGX                             138.96 USD
2015-07-24 price ITOT                               61.90 USD
2015-07-24 price VEA                               199.88 USD
2015-07-24 price VHT                                65.61 USD
2015-07-24 price GLD                                52.63 USD
2015-07-31 price VBMPX                              86.95 USD
2015-07-31 price RGAGX                             138.25 USD
2015-07-31 price ITOT                               61.55 USD
2015-07-31 price VEA                               200.62 USD
2015-07-31 price VHT                                66.52 USD
2015-07-31 price GLD                                53.86 USD
2015-08-07 price VBMPX                              87.01 USD
2015-08-07 price RGAGX                             137.67 USD
2015-08-07 price ITOT                               61.62 USD
2015-08-07 price VEA                               201.86 USD
2015-08-07 price VHT                                64.16 USD
2015-08-07 price GLD                                55.44 USD
2015-08-14 price VBMPX                              87.39 USD
2015-08-14 price RGAGX                             138.25 USD
2015-08-14 price ITOT                               61.41 USD
2015-08-14 price VEA                               203.66 USD
2015-08-14 price VHT                                64.55 USD
2015-08-14 price GLD                                56.84 USD
2015-08-21 price VBMPX                              87.03 USD
2015-08-21 price RGAGX                             137.91 USD
2015-08-21 price ITOT                               61.53 USD
2015-08-21 price VEA                               205.36 USD
2015-08-21 price VHT                                65.56 USD
2015-08-21 price GLD                                56.73 USD
2015-08-28 price VBMPX                              87.31 USD
2015-08-28 price RGAGX                             137.61 USD
2015-08-28 price ITOT                               61.66 USD
2015-08-28 price VEA                               204.94 USD
2015-08-28 price VHT                                66.37 USD
2015-08-28 price GLD                                58.56 USD
2015-09-04 price VBMPX                              87.81 USD
2015-09-04 price RGAGX                             138.39 USD
2015-09-04 price ITOT                               61.59 USD
2015-09-04 price VEA                               206.33 USD
2015-09-04 price VHT                                65.90 USD
2015-09-04 price GLD                                60.41 USD
2015-09-11 price VBMPX                              88.37 USD
2015-09-11 price RGAGX                             137.96 USD
2015-09-11 price ITOT                               61.80 USD
2015-09-11 price VEA                               205.91 USD
2015-09-11 price VHT                                67.91 USD
2015-09-11 price GLD                                59.01 USD
2015-09-18 price VBMPX                              88.46 USD
2015-09-18 price RGAGX                             137.57 USD
2015-09-18 price ITOT                               62.29 USD
2015-09-18 price VEA                               203.91 USD
2015-09-18 price VHT                                68.72 USD
2015-09-18 price GLD                                58.49 USD
2015-09-25 price VBMPX                              89.61 USD
2015-09-25 price RGAGX                             137.39 USD
2015-09-25 price ITOT                               62.27 USD
2015-09-25 price VEA                               203.99 USD
2015-09-25 price VHT                                67.28 USD
2015-09-25 price GLD                                59.27 USD
2015-10-02 price VBMPX                              90.57 USD
2015-10-02 price RGAGX                             137.69 USD
2015-10-02 price ITOT                               62.16 USD
2015-10-02 price VEA                               202.81 USD
2015-10-02 price VHT                                67.03 USD
2015-10-02 price GLD                                60.15 USD
2015-10-09 price VBMPX                              89.81 USD
2015-10-09 price RGAGX                             138.36 USD
2015-10-09 price ITOT                               62.11 USD
2015-10-09 price VEA                               205.25 USD
2015-10-09 price VHT                                67.06 USD
2015-10-09 price GLD                                60.68 USD
2015-10-16 price VBMPX                              89.33 USD
2015-10-16 price RGAGX                             140.05 USD
2015-10-16 price ITOT                               62.71 USD
2015-10-16 price VEA                               204.85 USD
2015-10-16 price VHT                                68.10 USD
2015-10-16 price GLD                                60.31 USD
2015-10-23 price VBMPX                              89.34 USD
2015-10-23 price RGAGX                             141.01 USD
2015-10-23 price ITOT                               62.20 USD
2015-10-23 price VEA                               205.48 USD
2015-10-23 price VHT                                68.02 USD
2015-10-23 price GLD                                60.86 USD
2015-10-30 price VBMPX                              89.62 USD
2015-10-30 price RGAGX                             142.01 USD
2015-10-30 price ITOT                               62.21 USD
2015-10-30 price VEA                               203.70 USD
2015-10-30 price VHT                                67.48 USD
2015-10-30 price GLD                                61.26 USD
2015-11-06 price VBMPX                              90.37 USD
2015-11-06 price RGAGX                             143.36 USD
2015-11-06 price ITOT                               61.44 USD
2015-11-06 price VEA                               203.00 USD
2015-11-06 price VHT                                68.68 USD
2015-11-06 price GLD                                61.14 USD
2015-11-13 price VBMPX                              90.25 USD
2015-11-13 price RGAGX                             144.60 USD
2015-11-13 price ITOT                               60.99 USD
2015-11-13 price VEA                               205.19 USD
2015-11-13 price VHT                                69.04 USD
2015-11-13 price GLD                                59.99 USD
2015-11-20 price VBMPX                              91.59 USD
2015-11-20 price RGAGX                             145.41 USD
2015-11-20 price ITOT                               61.07 USD
2015-11-20 price VEA                               206.42 USD
2015-11-20 price VHT                                69.50 USD
2015-11-20 price GLD                                59.20 USD
2015-11-27 price VBMPX                              91.94 USD
2015-11-27 price RGAGX                             145.73 USD
2015-11-27 price ITOT                               61.06 USD
2015-11-27 price VEA                               206.22 USD
2015-11-27 price VHT                                68.66 USD
2015-11-27 price GLD                                58.44 USD
2015-12-04 price VBMPX                              91.83 USD
2015-12-04 price RGAGX                             146.18 USD
2015-12-04 price ITOT                               60.96 USD
2015-12-04 price VEA                               206.79 USD
2015-12-04 price VHT                                67.66 USD
2015-12-04 price GLD                                59.71 USD
2015-12-11 price VBMPX                              91.11 USD
2015-12-11 price RGAGX                             147.07 USD
2015-12-11 price ITOT                               60.53 USD
2015-12-11 price VEA                               209.62 USD
2015-12-11 price VHT                                66.04 USD
2015-12-11 price GLD                                61.12 USD
2015-12-18 price VBMPX                              91.19 USD
2015-12-18 price RGAGX                             147.72 USD
2015-12-18 price ITOT                               60.22 USD
2015-12-18 price VEA                               209.30 USD
2015-12-18 price VHT                                65.34 USD
2015-12-18 price GLD                                58.87 USD
2015-12-25 price VBMPX                              91.66 USD
2015-12-25 price RGAGX                             148.22 USD
2015-12-25 price ITOT                               60.88 USD
2015-12-25 price VEA                               210.09 USD
2015-12-25 price VHT                                66.24 USD
2015-12-25 price GLD                                60.49 USD
2016-01-01 price VBMPX                              92.63 USD
2016-01-01 price RGAGX                             149.13 USD
2016-01-01 price ITOT                               61.12 USD
2016-01-01 price VEA                               209.19 USD
2016-01-01 price VHT                                64.69 USD
2016-01-01 price GLD                                60.45 USD
2016-01-08 price VBMPX                              93.41 USD
2016-01-08 price RGAGX                             150.39 USD
2016-01-08 price ITOT                               61.12 USD
2016-01-08 price VEA                               208.75 USD
2016-01-08 price VHT                                66.75 USD
2016-01-08 price GLD                                60.52 USD
2016-01-15 price VBMPX                              93.70 USD
2016-01-15 price RGAGX                             151.00 USD
2016-01-15 price ITOT                               61.00 USD
2016-01-15 price VEA                               207.92 USD
2016-01-15 price VHT                                65.78 USD
2016-01-15 price GLD                                60.18 USD
2016-01-22 price VBMPX                              93.55 USD
2016-01-22 price RGAGX                             151.80 USD
2016-01-22 price ITOT                               61.54 USD
2016-01-22 price VEA                               208.05 USD
2016-01-22 price VHT                                66.69 USD
2016-01-22 price GLD                                59.48 USD
2016-01-29 price VBMPX                              92.91 USD
2016-01-29 price RGAGX                             151.07 USD
2016-01-29 price ITOT                               60.85 USD
2016-01-29 price VEA                               208.44 USD
2016-01-29 price VHT                                67.57 USD
2016-01-29 price GLD                                58.48 USD
2016-02-05 price VBMPX                              92.50 USD
2016-02-05 price RGAGX                             151.70 USD
2016-02-05 price ITOT                               61.01 USD
2016-02-05 price VEA                               206.39 USD
2016-02-05 price VHT                                68.16 USD
2016-02-05 price GLD                                59.58 USD
2016-02-12 price VBMPX                              91.60 USD
2016-02-12 price RGAGX                             152.32 USD
2016-02-12 price ITOT                               61.04 USD
2016-02-12 price VEA                               206.34 USD
2016-02-12 price VHT                                69.18 USD
2016-02-12 price GLD                                61.38 USD
2016-02-19 price VBMPX                              91.73 USD
2016-02-19 price RGAGX                             153.63 USD
2016-02-19 price ITOT                               60.75 USD
2016-02-19 price VEA                               207.59 USD
2016-02-19 price VHT                                70.49 USD
2016-02-19 price GLD                                62.29 USD
2016-02-26 price VBMPX                              91.55 USD
2016-02-26 price RGAGX                             153.46 USD
2016-02-26 price ITOT                               60.90 USD
2016-02-26 price VEA                               205.16 USD
2016-02-26 price VHT                                71.10 USD
2016-02-26 price GLD                                61.37 USD
2016-03-04 price VBMPX                              91.28 USD
2016-03-04 price RGAGX                             153.84 USD
2016-03-04 price ITOT                               60.94 USD
2016-03-04 price VEA                               206.30 USD
2016-03-04 price VHT                                70.35 USD
2016-03-04 price GLD                                60.90 USD
2016-03-11 price VBMPX                              91.43 USD
2016-03-11 price RGAGX                             153.94 USD
2016-03-11 price ITOT                               61.39 USD
2016-03-11 price VEA                               206.35 USD
2016-03-11 price VHT                                72.38 USD
2016-03-11 price GLD                                60.02 USD
2016-03-18 price VBMPX                              91.92 USD
2016-03-18 price RGAGX                             155.04 USD
2016-03-18 price ITOT                               61.26 USD
2016-03-18 price VEA                               206.30 USD
2016-03-18 price VHT                                72.43 USD
2016-03-18 price GLD                                60.57 USD
2016-03-25 price VBMPX                              92.39 USD
2016-03-25 price RGAGX                             155.22 USD
2016-03-25 price ITOT                               61.16 USD
2016-03-25 price VEA                               208.57 USD
2016-03-25 price VHT                                72.30 USD
2016-03-25 price GLD                                60.88 USD
2016-04-01 price VBMPX                              92.80 USD
2016-04-01 price RGAGX                             155.83 USD
2016-04-01 price ITOT                               61.55 USD
2016-04-01 price VEA                               206.50 USD
2016-04-01 price VHT                                72.65 USD
2016-04-01 price GLD                                60.73 USD
2016-04-08 price VBMPX                              92.27 USD
2016-04-08 price RGAGX                             157.06 USD
2016-04-08 price ITOT                               61.73 USD
2016-04-08 price VEA                               209.92 USD
2016-04-08 price VHT                                70.52 USD
2016-04-08 price GLD                                63.42 USD
2016-04-15 price VBMPX                              92.68 USD
2016-04-15 price RGAGX                             157.04 USD
2016-04-15 price ITOT                               61.97 USD
2016-04-15 price VEA                               210.53 USD
2016-04-15 price VHT                                69.84 USD
2016-04-15 price GLD                                62.55 USD
2016-04-22 price VBMPX                              92.52 USD
2016-04-22 price RGAGX                             157.16 USD
2016-04-22 price ITOT                               62.09 USD
2016-04-22 price VEA                               209.99 USD
2016-04-22 price VHT                                67.65 USD
2016-04-22 price GLD                                61.37 USD
2016-04-29 price VBMPX                              93.08 USD
2016-04-29 price RGAGX                             157.60 USD
2016-04-29 price ITOT                               62.19 USD
2016-04-29 price VEA                               211.27 USD
2016-04-29 price VHT                                67.03 USD
2016-04-29 price GLD                                61.17 USD
;; 2016-05-06 price VBMPX                              92.32 USD
;; 2016-05-06 price RGAGX                             156.61 USD
;; 2016-05-06 price ITOT                               62.03 USD
;; 2016-05-06 price VEA                               213.86 USD
;; 2016-05-06 price VHT                                66.23 USD
;; 2016-05-06 price GLD                                61.69 USD



* Cash

